
    <record>
        <leader>02649cam a2200517 c 4500</leader>
        <controlfield tag="001">990319708854702202</controlfield>
        <controlfield tag="005">20160622153600.0</controlfield>
        <controlfield tag="007">co||||||||||||</controlfield>
        <controlfield tag="008">140911s2003 no#||||j#####|000|0|mul| </controlfield>
        <datafield tag="014" ind1="1" ind2=" ">
            <subfield code="a">031970885</subfield>
            <subfield code="b">(NO-TrBIB)</subfield>
        </datafield>
        <datafield tag="014" ind1="1" ind2=" ">
            <subfield code="a">031970885</subfield>
            <subfield code="b">(NO-TrBIB)</subfield>
        </datafield>
        <datafield tag="015" ind1=" " ind2=" ">
            <subfield code="a">0406795</subfield>
            <subfield code="2">nbf</subfield>
        </datafield>
        <datafield tag="035" ind1=" " ind2=" ">
            <subfield code="a">(EXLNZ-47BIBSYS_NETWORK)990319708854702201</subfield>
        </datafield>
        <datafield tag="035" ind1=" " ind2=" ">
            <subfield code="a">(NO-TrBIB)031970885</subfield>
        </datafield>
        <datafield tag="035" ind1=" " ind2=" ">
            <subfield code="a">031970885-47bibsys_network</subfield>
        </datafield>
        <datafield tag="035" ind1=" " ind2=" ">
            <subfield code="a">03sa17734-47bibsys_nb</subfield>
        </datafield>
        <datafield tag="035" ind1=" " ind2=" ">
            <subfield code="a">04ga03571-47bibsys_nb</subfield>
        </datafield>
        <datafield tag="040" ind1=" " ind2=" ">
            <subfield code="a">NO-OsNB</subfield>
            <subfield code="b">nob</subfield>
            <subfield code="e">katreg</subfield>
        </datafield>
        <datafield tag="041" ind1=" " ind2=" ">
            <subfield code="a">nob</subfield>
            <subfield code="a">eng</subfield>
        </datafield>
        <datafield tag="042" ind1=" " ind2=" ">
            <subfield code="a">norbibl</subfield>
        </datafield>
        <datafield tag="044" ind1=" " ind2=" ">
            <subfield code="c">no</subfield>
        </datafield>
        <datafield tag="082" ind1="7" ind2="4">
            <subfield code="a">793.93</subfield>
            <subfield code="q">NO-OsNB</subfield>
            <subfield code="2">5/nor</subfield>
        </datafield>
        <datafield tag="245" ind1="0" ind2="4">
            <subfield code="a">The Lord of the rings</subfield>
            <subfield code="h">[elektronisk ressurs]</subfield>
            <subfield code="p">The return of the king</subfield>
        </datafield>
        <datafield tag="260" ind1=" " ind2=" ">
            <subfield code="a">Oslo</subfield>
            <subfield code="b">Electronic Arts Norway A/S</subfield>
            <subfield code="c">cop. 2003</subfield>
        </datafield>
        <datafield tag="300" ind1=" " ind2=" ">
            <subfield code="a">3 optiske plater (CD-ROM)</subfield>
            <subfield code="b">lyd, kol.</subfield>
            <subfield code="c">12 cm, i eske</subfield>
            <subfield code="e">1 brukerveiledning (32 s. : ill.)</subfield>
        </datafield>
        <datafield tag="500" ind1=" " ind2=" ">
            <subfield code="a">&quot;EA games&quot;</subfield>
        </datafield>
        <datafield tag="500" ind1=" " ind2=" ">
            <subfield code="a">Basert på filmen &quot;The Lord of the rings. The return of the
                king&quot;, som igjen er basert på J.R.R. Tolkiens roman</subfield>
        </datafield>
        <datafield tag="500" ind1=" " ind2=" ">
            <subfield code="a">Engelsk tekst og tale, brukerveiledning på norsk</subfield>
        </datafield>
        <datafield tag="500" ind1=" " ind2=" ">
            <subfield code="a">Fra 12 år</subfield>
        </datafield>
        <datafield tag="500" ind1=" " ind2=" ">
            <subfield code="a">Parallelltittel på esken: Ringenes herre. Atter en konge</subfield>
        </datafield>
        <datafield tag="500" ind1=" " ind2=" ">
            <subfield code="a">Spill</subfield>
        </datafield>
        <datafield tag="500" ind1=" " ind2=" ">
            <subfield code="a">Tittel fra platen</subfield>
        </datafield>
        <datafield tag="538" ind1=" " ind2=" ">
            <subfield code="a">Systemkrav: IBM PC eller kompatibel; Pentium III 700 MHz-prosessor
                eller AMD Athlon-prosessor (Pentium IV eller AMD Athlon XP-prosessor anbefalt); 128
                MB RAM (256 MB for Windows XP) (256 MB anbefalt); Windows 98, 2000, ME eller XP;
                harddisk med 2 GB ledig plass og i tillegg plass til lagrede spill, Windows
                vekslingsfil og DirectX 9.0 (følger med); 32 MB D3D DirectX 9.0-kompatibelt
                skjermkort som benytter NVIDIA GeForce2, GeForce3 eller GeForce4, eller ATI Radeon
                7500, 8500 eller 9-</subfield>
        </datafield>
        <datafield tag="700" ind1="1" ind2="2">
            <subfield code="a">Tolkien, J.R.R.</subfield>
            <subfield code="d">1892-1973</subfield>
            <subfield code="p">The return of the king</subfield>
            <subfield code="t">The lord of the rings</subfield>
            <subfield code="0">(NO-TrBIB)90056310</subfield>
        </datafield>
        <datafield tag="730" ind1="0" ind2=" ">
            <subfield code="a">Lord of the rings</subfield>
            <subfield code="g">film</subfield>
            <subfield code="p">Return of the king</subfield>
            <subfield code="0">(NO-TrBIB)4002132</subfield>
        </datafield>
        <datafield tag="740" ind1="0" ind2=" ">
            <subfield code="a">EA games</subfield>
        </datafield>
        <datafield tag="740" ind1="0" ind2=" ">
            <subfield code="a">Ringenes herre</subfield>
            <subfield code="p">Atter en konge</subfield>
        </datafield>
        <datafield tag="800" ind1="0" ind2=" ">
            <subfield code="a">(64 MB skjermkort anbefalt); DirectX 9.0-kompatibelt lydkort;
                DVD-spiller eller CD-ROM-spiller med åttedobbel hastighet (sekstendobbel hastighet
                anbefalt)</subfield>
        </datafield>
        <datafield tag="852" ind1="8" ind2=" ">
            <subfield code="b">0030100</subfield>
            <subfield code="c">g00005</subfield>
            <subfield code="h">Småtr. 791</subfield>
        </datafield>
        <datafield tag="852" ind1="8" ind2=" ">
            <subfield code="b">0183334</subfield>
            <subfield code="c">g00001</subfield>
            <subfield code="h">c KZ 2004 1048-1050</subfield>
        </datafield>
        <datafield tag="859" ind1=" " ind2=" ">
            <subfield code="a">0030100</subfield>
            <subfield code="b">g00005</subfield>
            <subfield code="c">Småtr. 791</subfield>
            <subfield code="f">0</subfield>
            <subfield code="h">0</subfield>
            <subfield code="x">2015-10-31</subfield>
        </datafield>
        <datafield tag="859" ind1=" " ind2=" ">
            <subfield code="a">0183334</subfield>
            <subfield code="b">g00001</subfield>
            <subfield code="c">c KZ 2004 1048-1050</subfield>
            <subfield code="f">0</subfield>
            <subfield code="h">0</subfield>
            <subfield code="x">2015-10-31</subfield>
        </datafield>
        <datafield tag="876" ind1=" " ind2=" ">
            <subfield code="a">03sa17734</subfield>
            <subfield code="d">20031113</subfield>
            <subfield code="j">kat</subfield>
            <subfield code="p">03sa17734</subfield>
            <subfield code="r">03sa17734</subfield>
            <subfield code="w">CDROM</subfield>
        </datafield>
        <datafield tag="876" ind1=" " ind2=" ">
            <subfield code="a">04ga03571</subfield>
            <subfield code="d">20040223</subfield>
            <subfield code="j">kat</subfield>
            <subfield code="p">04ga03571</subfield>
            <subfield code="r">04ga03571</subfield>
            <subfield code="w">CDROM</subfield>
            <subfield code="z">(h.) (Til bruk på NB Oslos lesesal)</subfield>
        </datafield>
        <datafield tag="901" ind1=" " ind2=" ">
            <subfield code="a">90</subfield>
        </datafield>
        <datafield tag="913" ind1=" " ind2=" ">
            <subfield code="a">Norbok</subfield>
            <subfield code="b">NB</subfield>
        </datafield>
    </record>