
    <record>
        <leader>03318cam a2200685 c 4500</leader>
        <controlfield tag="001">990319864554702202</controlfield>
        <controlfield tag="005">20230303082427.0</controlfield>
        <controlfield tag="007">ta</controlfield>
        <controlfield tag="008">140911s2003 no#|||||||||||000|0|nob| </controlfield>
        <datafield tag="014" ind1="1" ind2=" ">
            <subfield code="a">031986455</subfield>
            <subfield code="b">(NO-TrBIB)</subfield>
        </datafield>
        <datafield tag="014" ind1="1" ind2=" ">
            <subfield code="a">031986455</subfield>
            <subfield code="b">(NO-TrBIB)</subfield>
        </datafield>
        <datafield tag="014" ind1="1" ind2=" ">
            <subfield code="a">031986455</subfield>
            <subfield code="b">(NO-TrBIB)</subfield>
        </datafield>
        <datafield tag="015" ind1=" " ind2=" ">
            <subfield code="a">0405089</subfield>
            <subfield code="2">nbf</subfield>
        </datafield>
        <datafield tag="020" ind1=" " ind2=" ">
            <subfield code="a">8210047582</subfield>
            <subfield code="q">ib.</subfield>
            <subfield code="c">Nkr 249.00</subfield>
        </datafield>
        <datafield tag="035" ind1=" " ind2=" ">
            <subfield code="a">(EXLNZ-47BIBSYS_NETWORK)990319864554702201</subfield>
        </datafield>
        <datafield tag="035" ind1=" " ind2=" ">
            <subfield code="a">(NO-TrBIB)031986455</subfield>
        </datafield>
        <datafield tag="035" ind1=" " ind2=" ">
            <subfield code="a">031986455-47bibsys_network</subfield>
        </datafield>
        <datafield tag="035" ind1=" " ind2=" ">
            <subfield code="a">03ga20592-47bibsys_nb</subfield>
        </datafield>
        <datafield tag="035" ind1=" " ind2=" ">
            <subfield code="a">03sa17913-47bibsys_nb</subfield>
        </datafield>
        <datafield tag="035" ind1=" " ind2=" ">
            <subfield code="a">04yc00006-47bibsys_nb</subfield>
        </datafield>
        <datafield tag="040" ind1=" " ind2=" ">
            <subfield code="a">NO-OsNB</subfield>
            <subfield code="b">nob</subfield>
            <subfield code="e">katreg</subfield>
        </datafield>
        <datafield tag="041" ind1="1" ind2=" ">
            <subfield code="h">eng</subfield>
        </datafield>
        <datafield tag="042" ind1=" " ind2=" ">
            <subfield code="a">norbibl</subfield>
        </datafield>
        <datafield tag="044" ind1=" " ind2=" ">
            <subfield code="c">no</subfield>
        </datafield>
        <datafield tag="082" ind1="7" ind2="4">
            <subfield code="a">791.4372</subfield>
            <subfield code="q">NO-OsNB</subfield>
            <subfield code="2">5/nor</subfield>
        </datafield>
        <datafield tag="100" ind1="1" ind2=" ">
            <subfield code="a">Fisher, Jude</subfield>
            <subfield code="0">(NO-TrBIB)1093967</subfield>
        </datafield>
        <datafield tag="245" ind1="1" ind2="0">
            <subfield code="a">Ringenes herre</subfield>
            <subfield code="c">Jude Fisher</subfield>
            <subfield code="p">Atter en konge : en guide til filmen</subfield>
        </datafield>
        <datafield tag="260" ind1=" " ind2=" ">
            <subfield code="a">[Oslo]</subfield>
            <subfield code="b">Tiden</subfield>
            <subfield code="c">cop. 2003</subfield>
        </datafield>
        <datafield tag="300" ind1=" " ind2=" ">
            <subfield code="a">68 s.</subfield>
            <subfield code="b">ill.</subfield>
            <subfield code="c">32 cm</subfield>
        </datafield>
        <datafield tag="500" ind1=" " ind2=" ">
            <subfield code="a">Basert på filmen &quot;The Lord of the rings. The return of the
                king&quot;, som igjen er basert på J.R.R. Tolkiens roman</subfield>
        </datafield>
        <datafield tag="533" ind1=" " ind2=" ">
            <subfield code="a">Elektronisk reproduksjon</subfield>
            <subfield code="b">[Norge]</subfield>
            <subfield code="c">Nasjonalbiblioteket Digital</subfield>
            <subfield code="d">2016-07-22</subfield>
        </datafield>
        <datafield tag="600" ind1="1" ind2="7">
            <subfield code="a">Tolkien, J.R.R.</subfield>
            <subfield code="d">1892-1973</subfield>
            <subfield code="0">(NO-TrBIB)90056310</subfield>
            <subfield code="2">bare</subfield>
        </datafield>
        <datafield tag="630" ind1="0" ind2="7">
            <subfield code="a">Lord of the rings</subfield>
            <subfield code="g">film</subfield>
            <subfield code="p">Return of the king</subfield>
            <subfield code="0">(NO-TrBIB)4002132</subfield>
            <subfield code="2">bare</subfield>
        </datafield>
        <datafield tag="700" ind1="1" ind2=" ">
            <subfield code="a">Berg, Johannes</subfield>
            <subfield code="0">(NO-TrBIB)90876706</subfield>
            <subfield code="4">trl</subfield>
        </datafield>
        <datafield tag="700" ind1="1" ind2=" ">
            <subfield code="a">Coad, Chris</subfield>
            <subfield code="0">(NO-TrBIB)10051730</subfield>
            <subfield code="4">pht</subfield>
        </datafield>
        <datafield tag="700" ind1="1" ind2=" ">
            <subfield code="a">Vinet, Pierre</subfield>
            <subfield code="0">(NO-TrBIB)10062133</subfield>
            <subfield code="4">pht</subfield>
        </datafield>
        <datafield tag="700" ind1="1" ind2="2">
            <subfield code="a">Tolkien, J.R.R.</subfield>
            <subfield code="d">1892-1973</subfield>
            <subfield code="p">The return of the king</subfield>
            <subfield code="t">The lord of the rings</subfield>
            <subfield code="0">(NO-TrBIB)90056310</subfield>
        </datafield>
        <datafield tag="730" ind1="0" ind2=" ">
            <subfield code="a">Lord of the rings</subfield>
            <subfield code="g">film</subfield>
            <subfield code="p">Return of the king</subfield>
            <subfield code="0">(NO-TrBIB)4002132</subfield>
        </datafield>
        <datafield tag="852" ind1="8" ind2=" ">
            <subfield code="b">0030100</subfield>
            <subfield code="c">g00005</subfield>
            <subfield code="h">NA/A 2003:5619</subfield>
        </datafield>
        <datafield tag="852" ind1="8" ind2=" ">
            <subfield code="b">0030100</subfield>
            <subfield code="c">g00009</subfield>
            <subfield code="h">qF79 Lord Fis</subfield>
            <subfield code="t">1</subfield>
        </datafield>
        <datafield tag="852" ind1="8" ind2=" ">
            <subfield code="b">0183334</subfield>
            <subfield code="c">g00001</subfield>
            <subfield code="h">a</subfield>
        </datafield>
        <datafield tag="856" ind1="4" ind2="0">
            <subfield code="3"/>
            <subfield code="y">NB Digital</subfield>
            <subfield code="u">http://urn.nb.no/URN:NBN:no-nb_digibok_2016072248041</subfield>
            <subfield code="z"/>
        </datafield>
        <datafield tag="856" ind1="4" ind2="1">
            <subfield code="3">Fulltekst</subfield>
            <subfield code="u">https://urn.nb.no/URN:NBN:no-nb_digibok_2016072248041</subfield>
            <subfield code="y">Nettbiblioteket</subfield>
            <subfield code="z">Digital representasjon</subfield>
        </datafield>
        <datafield tag="856" ind1="4" ind2="2">
            <subfield code="3">Forlagets beskrivelse (kort)</subfield>
            <subfield code="u">https://contents.bibs.aws.unit.no/?isbn=8210047582</subfield>
        </datafield>
        <datafield tag="856" ind1="4" ind2="2">
            <subfield code="3">Forlagets beskrivelse (lang)</subfield>
            <subfield code="u">https://contents.bibs.aws.unit.no/?isbn=8210047582</subfield>
        </datafield>
        <datafield tag="856" ind1="4" ind2="2">
            <subfield code="3">Forlagets beskrivelse (lang)</subfield>
            <subfield code="u"
                >https://contents.bibs.aws.unit.no/content/?isbn=9788210047589</subfield>
        </datafield>
        <datafield tag="856" ind1="4" ind2="2">
            <subfield code="3">Omslagsbilde</subfield>
            <subfield code="u"
                >https://contents.bibs.aws.unit.no/files/images/large/2/8/8210047582.jpg</subfield>
            <subfield code="q">image/jpeg</subfield>
        </datafield>
        <datafield tag="856" ind1="4" ind2="2">
            <subfield code="3">Omslagsbilde</subfield>
            <subfield code="u"
                >https://contents.bibs.aws.unit.no/files/images/small/2/8/8210047582.jpg</subfield>
            <subfield code="q">image/jpeg</subfield>
        </datafield>
        <datafield tag="856" ind1="4" ind2="2">
            <subfield code="3">Omslagsbilde</subfield>
            <subfield code="u"
                >https://contents.bibs.aws.unit.no/files/images/small/9/8/9788210047589.jpg</subfield>
            <subfield code="q">image/jpeg</subfield>
        </datafield>
        <datafield tag="856" ind1="4" ind2="2">
            <subfield code="3">Originalt bilde</subfield>
            <subfield code="u"
                >https://contents.bibs.aws.unit.no/files/images/original/9/8/9788210047589.jpg</subfield>
            <subfield code="q">image/jpeg</subfield>
        </datafield>
        <datafield tag="859" ind1=" " ind2=" ">
            <subfield code="a">0030100</subfield>
            <subfield code="b">g00005</subfield>
            <subfield code="c">NA/A 2003:5619</subfield>
            <subfield code="f">0</subfield>
            <subfield code="h">0</subfield>
            <subfield code="x">2015-10-31</subfield>
        </datafield>
        <datafield tag="859" ind1=" " ind2=" ">
            <subfield code="a">0030100</subfield>
            <subfield code="b">g00009</subfield>
            <subfield code="c">qF79 Lord Fis</subfield>
            <subfield code="f">1</subfield>
            <subfield code="h">0</subfield>
            <subfield code="x">2015-10-31</subfield>
        </datafield>
        <datafield tag="859" ind1=" " ind2=" ">
            <subfield code="a">0183334</subfield>
            <subfield code="b">g00001</subfield>
            <subfield code="c">a</subfield>
            <subfield code="f">0</subfield>
            <subfield code="h">0</subfield>
            <subfield code="x">2015-10-31</subfield>
        </datafield>
        <datafield tag="876" ind1=" " ind2=" ">
            <subfield code="a">03ga20592</subfield>
            <subfield code="d">20031218</subfield>
            <subfield code="j">kat</subfield>
            <subfield code="p">03ga20592</subfield>
            <subfield code="r">03ga20592</subfield>
            <subfield code="w">BOOK</subfield>
            <subfield code="z">(ib.) (Til bruk på NB Oslos lesesal)</subfield>
        </datafield>
        <datafield tag="876" ind1=" " ind2=" ">
            <subfield code="a">03sa17913</subfield>
            <subfield code="d">20031117</subfield>
            <subfield code="j">kat</subfield>
            <subfield code="p">03sa17913</subfield>
            <subfield code="r">03sa17913</subfield>
            <subfield code="w">BOOK</subfield>
        </datafield>
        <datafield tag="876" ind1=" " ind2=" ">
            <subfield code="a">04yc00006</subfield>
            <subfield code="d">20040126</subfield>
            <subfield code="j">kat</subfield>
            <subfield code="p">04yc00006</subfield>
            <subfield code="r">04yc00006</subfield>
            <subfield code="w">BOOK</subfield>
        </datafield>
        <datafield tag="901" ind1=" " ind2=" ">
            <subfield code="a">90</subfield>
        </datafield>
        <datafield tag="913" ind1=" " ind2=" ">
            <subfield code="a">Barnebokinstituttet</subfield>
            <subfield code="b">NB</subfield>
        </datafield>
        <datafield tag="913" ind1=" " ind2=" ">
            <subfield code="a">Film</subfield>
            <subfield code="b">NB</subfield>
        </datafield>
        <datafield tag="913" ind1=" " ind2=" ">
            <subfield code="a">Norbok</subfield>
            <subfield code="b">NB</subfield>
        </datafield>
    </record>