
    <record>
        <leader>02437cim a2200517 c 4500</leader>
        <controlfield tag="001">990401980654702202</controlfield>
        <controlfield tag="005">20221019095028.0</controlfield>
        <controlfield tag="007">sd f||||||||||</controlfield>
        <controlfield tag="008">140911s2003 no#|||| |||||||f#|||nob| </controlfield>
        <datafield tag="014" ind1="1" ind2=" ">
            <subfield code="a">040198065</subfield>
            <subfield code="b">(NO-TrBIB)</subfield>
        </datafield>
        <datafield tag="014" ind1="1" ind2=" ">
            <subfield code="a">040198065</subfield>
            <subfield code="b">(NO-TrBIB)</subfield>
        </datafield>
        <datafield tag="015" ind1=" " ind2=" ">
            <subfield code="a">0514797</subfield>
            <subfield code="2">nbf</subfield>
        </datafield>
        <datafield tag="020" ind1=" " ind2=" ">
            <subfield code="a">8278441618</subfield>
            <subfield code="c">Nkr 646.00</subfield>
        </datafield>
        <datafield tag="035" ind1=" " ind2=" ">
            <subfield code="a">(EXLNZ-47BIBSYS_NETWORK)990401980654702201</subfield>
        </datafield>
        <datafield tag="035" ind1=" " ind2=" ">
            <subfield code="a">(NO-TrBIB)040198065</subfield>
        </datafield>
        <datafield tag="035" ind1=" " ind2=" ">
            <subfield code="a">040198065-47bibsys_network</subfield>
        </datafield>
        <datafield tag="035" ind1=" " ind2=" ">
            <subfield code="a">04sa05222-47bibsys_nb</subfield>
        </datafield>
        <datafield tag="035" ind1=" " ind2=" ">
            <subfield code="a">05ga19805-47bibsys_nb</subfield>
        </datafield>
        <datafield tag="040" ind1=" " ind2=" ">
            <subfield code="a">NO-OsNB</subfield>
            <subfield code="b">nob</subfield>
            <subfield code="e">katreg</subfield>
        </datafield>
        <datafield tag="041" ind1="1" ind2=" ">
            <subfield code="h">eng</subfield>
            <subfield code="d">nob</subfield>
        </datafield>
        <datafield tag="042" ind1=" " ind2=" ">
            <subfield code="a">norbibl</subfield>
        </datafield>
        <datafield tag="044" ind1=" " ind2=" ">
            <subfield code="c">no</subfield>
        </datafield>
        <datafield tag="082" ind1="7" ind2="4">
            <subfield code="a">823</subfield>
            <subfield code="q">NO-OsNB</subfield>
            <subfield code="2">5/nor</subfield>
        </datafield>
        <datafield tag="100" ind1="1" ind2=" ">
            <subfield code="a">Tolkien, J.R.R.</subfield>
            <subfield code="d">1892-1973</subfield>
            <subfield code="0">(NO-TrBIB)90056310</subfield>
        </datafield>
        <datafield tag="245" ind1="1" ind2="0">
            <subfield code="a">Ringenes herre I :</subfield>
            <subfield code="b">ringens brorskap</subfield>
            <subfield code="c">J.R.R. Tolkien ; [oversatt av Torstein Bugge Høverstad]</subfield>
            <subfield code="h">[lydopptak]</subfield>
        </datafield>
        <datafield tag="246" ind1="1" ind2=" ">
            <subfield code="a">The fellowship of the ring : being the first part of The lord of the
                rings</subfield>
            <subfield code="i">Originaltittel</subfield>
        </datafield>
        <datafield tag="260" ind1=" " ind2=" ">
            <subfield code="a">Billingstad</subfield>
            <subfield code="b">Fono forl.</subfield>
            <subfield code="c">2003</subfield>
        </datafield>
        <datafield tag="300" ind1=" " ind2=" ">
            <subfield code="a">16 plater (CD) (19 t)</subfield>
            <subfield code="b">digital</subfield>
            <subfield code="c">12 cm, i eske</subfield>
        </datafield>
        <datafield tag="500" ind1=" " ind2=" ">
            <subfield code="a">Lest av Anders Ribu</subfield>
        </datafield>
        <datafield tag="700" ind1="1" ind2=" ">
            <subfield code="a">Høverstad, Torstein Bugge</subfield>
            <subfield code="4">trl</subfield>
        </datafield>
        <datafield tag="700" ind1="1" ind2=" ">
            <subfield code="a">Ribu, Anders</subfield>
            <subfield code="d">1956-</subfield>
            <subfield code="e">medarb.</subfield>
            <subfield code="0">(NO-TrBIB)90524480</subfield>
        </datafield>
        <datafield tag="740" ind1="0" ind2=" ">
            <subfield code="a">Ringens brorskap</subfield>
        </datafield>
        <datafield tag="852" ind1="8" ind2=" ">
            <subfield code="b">0030100</subfield>
            <subfield code="c">g00005</subfield>
            <subfield code="h">NA/A 2005:6367</subfield>
        </datafield>
        <datafield tag="852" ind1="8" ind2=" ">
            <subfield code="b">0183334</subfield>
            <subfield code="c">g00001</subfield>
            <subfield code="h">d KZ 2005 2780-2795</subfield>
        </datafield>
        <datafield tag="856" ind1="4" ind2="2">
            <subfield code="3">Forlagets beskrivelse (kort)</subfield>
            <subfield code="u">https://contents.bibs.aws.unit.no/?isbn=8278441618</subfield>
        </datafield>
        <datafield tag="856" ind1="4" ind2="2">
            <subfield code="3">Forlagets beskrivelse (lang)</subfield>
            <subfield code="u"
                >https://contents.bibs.aws.unit.no/content/?isbn=9788278441619</subfield>
        </datafield>
        <datafield tag="856" ind1="4" ind2="2">
            <subfield code="3">Lydfil</subfield>
            <subfield code="u"
                >https://contents.bibs.aws.unit.no/files/audio/mp3/9/1/9788278441619.mp3</subfield>
            <subfield code="q">audio/mpeg</subfield>
        </datafield>
        <datafield tag="856" ind1="4" ind2="2">
            <subfield code="3">Miniatyrbilde</subfield>
            <subfield code="u"
                >https://contents.bibs.aws.unit.no/files/images/small/9/1/9788278441619.jpg</subfield>
            <subfield code="q">image/jpeg</subfield>
        </datafield>
        <datafield tag="856" ind1="4" ind2="2">
            <subfield code="3">Omslagsbilde</subfield>
            <subfield code="u"
                >https://contents.bibs.aws.unit.no/files/images/large/9/1/9788278441619.jpg</subfield>
            <subfield code="q">image/jpeg</subfield>
        </datafield>
        <datafield tag="856" ind1="4" ind2="2">
            <subfield code="3">Originalt bilde</subfield>
            <subfield code="u"
                >https://contents.bibs.aws.unit.no/files/images/original/9/1/9788278441619.jpg</subfield>
            <subfield code="q">image/jpeg</subfield>
        </datafield>
        <datafield tag="859" ind1=" " ind2=" ">
            <subfield code="a">0030100</subfield>
            <subfield code="b">g00005</subfield>
            <subfield code="c">NA/A 2005:6367</subfield>
            <subfield code="f">0</subfield>
            <subfield code="h">0</subfield>
            <subfield code="x">2015-10-31</subfield>
        </datafield>
        <datafield tag="859" ind1=" " ind2=" ">
            <subfield code="a">0183334</subfield>
            <subfield code="b">g00001</subfield>
            <subfield code="c">d KZ 2005 2780-2795</subfield>
            <subfield code="f">0</subfield>
            <subfield code="h">0</subfield>
            <subfield code="x">2015-10-31</subfield>
        </datafield>
        <datafield tag="876" ind1=" " ind2=" ">
            <subfield code="a">04sa05222</subfield>
            <subfield code="d">20051208</subfield>
            <subfield code="j">kat</subfield>
            <subfield code="p">04sa05222</subfield>
            <subfield code="r">04sa05222</subfield>
            <subfield code="w">CD</subfield>
            <subfield code="x">Publ. er ikke pliktavlevert, men kjøpt, 08.12.05,BR</subfield>
        </datafield>
        <datafield tag="876" ind1=" " ind2=" ">
            <subfield code="a">05ga19805</subfield>
            <subfield code="d">20051216</subfield>
            <subfield code="j">kat</subfield>
            <subfield code="p">05ga19805</subfield>
            <subfield code="r">05ga19805</subfield>
            <subfield code="w">CD</subfield>
            <subfield code="z">(CD-plater) (Til bruk på NB Oslos lesesal)</subfield>
        </datafield>
        <datafield tag="901" ind1=" " ind2=" ">
            <subfield code="a">90</subfield>
        </datafield>
        <datafield tag="913" ind1=" " ind2=" ">
            <subfield code="a">Norbok</subfield>
            <subfield code="b">NB</subfield>
        </datafield>
    </record>