
    <record>
        <leader>02472cim a2200565 c 4500</leader>
        <controlfield tag="001">990513562284702202</controlfield>
        <controlfield tag="005">20230303124922.0</controlfield>
        <controlfield tag="007">sd f||||||||||</controlfield>
        <controlfield tag="008">151023s2005 no#|||| ||||||||||||nob| </controlfield>
        <datafield tag="014" ind1="1" ind2=" ">
            <subfield code="a">051356228</subfield>
            <subfield code="b">(NO-TrBIB)</subfield>
        </datafield>
        <datafield tag="014" ind1="1" ind2=" ">
            <subfield code="a">051356228</subfield>
            <subfield code="b">(NO-TrBIB)</subfield>
        </datafield>
        <datafield tag="015" ind1=" " ind2=" ">
            <subfield code="a">1014774</subfield>
            <subfield code="2">nbf</subfield>
        </datafield>
        <datafield tag="020" ind1=" " ind2=" ">
            <subfield code="a">8278441960</subfield>
            <subfield code="q">Fono</subfield>
        </datafield>
        <datafield tag="020" ind1=" " ind2=" ">
            <subfield code="a">9788278441961</subfield>
            <subfield code="c">349.00</subfield>
            <subfield code="q">Aller</subfield>
        </datafield>
        <datafield tag="035" ind1=" " ind2=" ">
            <subfield code="a">(EXLNZ-47BIBSYS_NETWORK)990513562284702201</subfield>
        </datafield>
        <datafield tag="035" ind1=" " ind2=" ">
            <subfield code="a">(NO-TrBIB)051356228</subfield>
        </datafield>
        <datafield tag="035" ind1=" " ind2=" ">
            <subfield code="a">051356228-47bibsys_network</subfield>
        </datafield>
        <datafield tag="035" ind1=" " ind2=" ">
            <subfield code="a">10g073883-47bibsys_nb</subfield>
        </datafield>
        <datafield tag="035" ind1=" " ind2=" ">
            <subfield code="a">10g088691-47bibsys_nb</subfield>
        </datafield>
        <datafield tag="040" ind1=" " ind2=" ">
            <subfield code="a">NO-OsNB</subfield>
            <subfield code="b">nob</subfield>
            <subfield code="e">katreg</subfield>
        </datafield>
        <datafield tag="041" ind1="1" ind2=" ">
            <subfield code="h">eng</subfield>
            <subfield code="d">nob</subfield>
        </datafield>
        <datafield tag="042" ind1=" " ind2=" ">
            <subfield code="a">norbibl</subfield>
        </datafield>
        <datafield tag="044" ind1=" " ind2=" ">
            <subfield code="c">no</subfield>
        </datafield>
        <datafield tag="080" ind1=" " ind2=" ">
            <subfield code="a">820</subfield>
        </datafield>
        <datafield tag="082" ind1="7" ind2="4">
            <subfield code="a">823</subfield>
            <subfield code="q">NO-OsNB</subfield>
            <subfield code="2">5/nor</subfield>
        </datafield>
        <datafield tag="100" ind1="1" ind2=" ">
            <subfield code="a">Tolkien, J.R.R.</subfield>
            <subfield code="d">1892-1973</subfield>
            <subfield code="0">(NO-TrBIB)90056310</subfield>
        </datafield>
        <datafield tag="245" ind1="1" ind2="0">
            <subfield code="a">Hobbiten</subfield>
            <subfield code="c">J.R.R. Tolkien ; [oversatt av: Finn Åsen, Oddrun Grønnvik]</subfield>
            <subfield code="h">[lydopptak]</subfield>
        </datafield>
        <datafield tag="246" ind1="1" ind2=" ">
            <subfield code="a">The hobbit</subfield>
            <subfield code="i">Originaltittel</subfield>
        </datafield>
        <datafield tag="260" ind1=" " ind2=" ">
            <subfield code="a">Billingstad</subfield>
            <subfield code="b">Fono forl.</subfield>
            <subfield code="c">2005</subfield>
        </datafield>
        <datafield tag="300" ind1=" " ind2=" ">
            <subfield code="a">8 plater (CD) (10 t)</subfield>
            <subfield code="b">digital</subfield>
            <subfield code="c">12 cm, i eske</subfield>
        </datafield>
        <datafield tag="500" ind1=" " ind2=" ">
            <subfield code="a">1. norske lydbokutg. 1995</subfield>
        </datafield>
        <datafield tag="500" ind1=" " ind2=" ">
            <subfield code="a">Lest av: Knut Røe</subfield>
        </datafield>
        <datafield tag="500" ind1=" " ind2=" ">
            <subfield code="a">Nytt oppl. med 13-sifret ISBN utgitt av Aller forlag</subfield>
        </datafield>
        <datafield tag="700" ind1="1" ind2=" ">
            <subfield code="a">Åsen, Finn</subfield>
            <subfield code="4">trl</subfield>
        </datafield>
        <datafield tag="700" ind1="1" ind2=" ">
            <subfield code="a">Grønnvik, Oddrun</subfield>
            <subfield code="4">trl</subfield>
        </datafield>
        <datafield tag="700" ind1="1" ind2=" ">
            <subfield code="a">Røe, Knut</subfield>
            <subfield code="d">1949-</subfield>
            <subfield code="e">medarb.</subfield>
            <subfield code="0">(NO-TrBIB)90088212</subfield>
        </datafield>
        <datafield tag="852" ind1="8" ind2=" ">
            <subfield code="b">0030100</subfield>
            <subfield code="c">g00005</subfield>
            <subfield code="h">qSmåtr. 2277</subfield>
        </datafield>
        <datafield tag="852" ind1="8" ind2=" ">
            <subfield code="b">0183334</subfield>
            <subfield code="c">g00001</subfield>
            <subfield code="h">d KZ 2010 1071-1078</subfield>
        </datafield>
        <datafield tag="856" ind1="4" ind2="2">
            <subfield code="3">Forlagets beskrivelse (lang)</subfield>
            <subfield code="u">https://contents.bibs.aws.unit.no/?isbn=8278441960</subfield>
        </datafield>
        <datafield tag="856" ind1="4" ind2="2">
            <subfield code="3">Lydfil</subfield>
            <subfield code="u"
                >https://contents.bibs.aws.unit.no/files/audio/mp3/1/6/9788278441961.mp3</subfield>
            <subfield code="q">audio/mpeg</subfield>
        </datafield>
        <datafield tag="856" ind1="4" ind2="2">
            <subfield code="3">Omslagsbilde</subfield>
            <subfield code="u"
                >https://contents.bibs.aws.unit.no/files/images/large/1/6/9788278441961.jpg</subfield>
            <subfield code="q">image/jpeg</subfield>
        </datafield>
        <datafield tag="856" ind1="4" ind2="2">
            <subfield code="3">Omslagsbilde</subfield>
            <subfield code="u"
                >https://contents.bibs.aws.unit.no/files/images/small/0/6/8278441960.jpg</subfield>
            <subfield code="q">image/jpeg</subfield>
        </datafield>
        <datafield tag="856" ind1="4" ind2="2">
            <subfield code="3">Omslagsbilde</subfield>
            <subfield code="u"
                >https://contents.bibs.aws.unit.no/files/images/small/1/6/9788278441961.jpg</subfield>
            <subfield code="q">image/jpeg</subfield>
        </datafield>
        <datafield tag="856" ind1="4" ind2="2">
            <subfield code="3">Originalt bilde</subfield>
            <subfield code="u"
                >https://contents.bibs.aws.unit.no/files/images/original/1/6/9788278441961.jpg</subfield>
            <subfield code="q">image/jpeg</subfield>
        </datafield>
        <datafield tag="859" ind1=" " ind2=" ">
            <subfield code="a">0030100</subfield>
            <subfield code="b">g00005</subfield>
            <subfield code="c">qSmåtr. 2277</subfield>
            <subfield code="f">0</subfield>
            <subfield code="h">0</subfield>
            <subfield code="x">2015-10-31</subfield>
        </datafield>
        <datafield tag="859" ind1=" " ind2=" ">
            <subfield code="a">0183334</subfield>
            <subfield code="b">g00001</subfield>
            <subfield code="c">d KZ 2010 1071-1078</subfield>
            <subfield code="f">0</subfield>
            <subfield code="h">0</subfield>
            <subfield code="x">2015-10-31</subfield>
        </datafield>
        <datafield tag="876" ind1=" " ind2=" ">
            <subfield code="a">10g073883</subfield>
            <subfield code="d">20100914</subfield>
            <subfield code="j">kat</subfield>
            <subfield code="p">10g073883</subfield>
            <subfield code="r">10g073883</subfield>
            <subfield code="w">CD</subfield>
            <subfield code="z">(Nytt oppl. 2008)</subfield>
        </datafield>
        <datafield tag="876" ind1=" " ind2=" ">
            <subfield code="a">10g088691</subfield>
            <subfield code="d">20100914</subfield>
            <subfield code="j">kat</subfield>
            <subfield code="p">10g088691</subfield>
            <subfield code="r">10g088691</subfield>
            <subfield code="w">CD</subfield>
            <subfield code="z">(CD-plate)(Til bruk på NB Oslos lesesal)</subfield>
        </datafield>
        <datafield tag="901" ind1=" " ind2=" ">
            <subfield code="a">90</subfield>
        </datafield>
        <datafield tag="913" ind1=" " ind2=" ">
            <subfield code="a">Norbok</subfield>
            <subfield code="b">NB</subfield>
        </datafield>
    </record>