
    <record>
        <leader>02389cam a2200505 c 4500</leader>
        <controlfield tag="001">990601891774702202</controlfield>
        <controlfield tag="005">20160622154303.0</controlfield>
        <controlfield tag="007">co |||||||||||</controlfield>
        <controlfield tag="008">140911s2006 no#||||j#####|000|0|mul| </controlfield>
        <datafield tag="014" ind1="1" ind2=" ">
            <subfield code="a">060189177</subfield>
            <subfield code="b">(NO-TrBIB)</subfield>
        </datafield>
        <datafield tag="014" ind1="1" ind2=" ">
            <subfield code="a">060189177</subfield>
            <subfield code="b">(NO-TrBIB)</subfield>
        </datafield>
        <datafield tag="015" ind1=" " ind2=" ">
            <subfield code="a">0611806</subfield>
            <subfield code="2">nbf</subfield>
        </datafield>
        <datafield tag="035" ind1=" " ind2=" ">
            <subfield code="a">(EXLNZ-47BIBSYS_NETWORK)990601891774702201</subfield>
        </datafield>
        <datafield tag="035" ind1=" " ind2=" ">
            <subfield code="a">(NO-TrBIB)060189177</subfield>
        </datafield>
        <datafield tag="035" ind1=" " ind2=" ">
            <subfield code="a">060189177-47bibsys_network</subfield>
        </datafield>
        <datafield tag="035" ind1=" " ind2=" ">
            <subfield code="a">06ga12503-47bibsys_nb</subfield>
        </datafield>
        <datafield tag="035" ind1=" " ind2=" ">
            <subfield code="a">06sa01583-47bibsys_nb</subfield>
        </datafield>
        <datafield tag="040" ind1=" " ind2=" ">
            <subfield code="a">NO-OsNB</subfield>
            <subfield code="b">nob</subfield>
            <subfield code="e">katreg</subfield>
        </datafield>
        <datafield tag="041" ind1=" " ind2=" ">
            <subfield code="a">nob</subfield>
            <subfield code="a">ger</subfield>
            <subfield code="a">eng</subfield>
            <subfield code="a">spa</subfield>
            <subfield code="a">fre</subfield>
            <subfield code="a">ita</subfield>
            <subfield code="a">dut</subfield>
            <subfield code="a">pol</subfield>
            <subfield code="a">swe</subfield>
        </datafield>
        <datafield tag="042" ind1=" " ind2=" ">
            <subfield code="a">norbibl</subfield>
        </datafield>
        <datafield tag="044" ind1=" " ind2=" ">
            <subfield code="c">no</subfield>
        </datafield>
        <datafield tag="082" ind1="7" ind2="4">
            <subfield code="a">793.93</subfield>
            <subfield code="q">NO-OsNB</subfield>
            <subfield code="2">5/nor</subfield>
        </datafield>
        <datafield tag="245" ind1="0" ind2="4">
            <subfield code="a">The Lord of the rings II</subfield>
            <subfield code="h">[elektronisk ressurs]</subfield>
            <subfield code="p">The battle for Middle-earth</subfield>
        </datafield>
        <datafield tag="260" ind1=" " ind2=" ">
            <subfield code="a">Oslo</subfield>
            <subfield code="b">Electronic Arts Norway</subfield>
            <subfield code="c">cop. 2006</subfield>
        </datafield>
        <datafield tag="300" ind1=" " ind2=" ">
            <subfield code="a">1 maskinlesbar optisk plate (DVD-ROM)</subfield>
            <subfield code="b">lyd, kol.</subfield>
            <subfield code="c">12 cm, i eske</subfield>
            <subfield code="e">brukerveiledning (68 s. : ill.)</subfield>
        </datafield>
        <datafield tag="500" ind1=" " ind2=" ">
            <subfield code="a">Basert på filmene &quot;The Lord of the rings&quot; som igjen er
                basert på J.R.R. Tolkiens bøker</subfield>
        </datafield>
        <datafield tag="500" ind1=" " ind2=" ">
            <subfield code="a">Brukerveiledning på norsk</subfield>
        </datafield>
        <datafield tag="500" ind1=" " ind2=" ">
            <subfield code="a">Spill</subfield>
        </datafield>
        <datafield tag="500" ind1=" " ind2=" ">
            <subfield code="a">Tittel fra etiketten</subfield>
        </datafield>
        <datafield tag="500" ind1=" " ind2=" ">
            <subfield code="a">Tittel på esken: Ringenes Herre II, Kampen om Midgard</subfield>
        </datafield>
        <datafield tag="538" ind1=" " ind2=" ">
            <subfield code="a">Systemkrav: IBM PC eller kompatibel; Pentium 4 eller AMD
                Athlon-prosessor 1.6 GHz-prosessor; 256 MB RAM; Windows XP; harddisk med 5.5 GB
                ledig plass; DirectX 9.0c (følger med); grafikk 64 MB; DirectX 9.0c-kompatibelt
                skjermkort som benytter NVIDIA GeForce3 eller bedre (NVIDIA GeForce4 MX støttes
                ikke)eller ATI Radeon 8500, eller bedre); DirectX 9.0c-kompatibelt lydkort;
                DVD-spiller med 8 x hastighet</subfield>
        </datafield>
        <datafield tag="700" ind1="1" ind2="2">
            <subfield code="a">Tolkien, J.R.R.</subfield>
            <subfield code="d">1892-1973</subfield>
            <subfield code="t">The lord of the rings</subfield>
            <subfield code="0">(NO-TrBIB)90056310</subfield>
        </datafield>
        <datafield tag="730" ind1="0" ind2=" ">
            <subfield code="a">Lord of the rings</subfield>
            <subfield code="g">filmtrilogi</subfield>
            <subfield code="0">(NO-TrBIB)3070796</subfield>
        </datafield>
        <datafield tag="740" ind1="0" ind2=" ">
            <subfield code="a">Kampen om Midgard</subfield>
        </datafield>
        <datafield tag="740" ind1="0" ind2=" ">
            <subfield code="a">Ringenes herre</subfield>
        </datafield>
        <datafield tag="740" ind1="0" ind2=" ">
            <subfield code="a">Ringenes Herre II</subfield>
            <subfield code="p">Kampen om Midgard</subfield>
        </datafield>
        <datafield tag="740" ind1="4" ind2=" ">
            <subfield code="a">The Lord of the rings 2</subfield>
        </datafield>
        <datafield tag="852" ind1="8" ind2=" ">
            <subfield code="b">0030100</subfield>
            <subfield code="c">g00005</subfield>
            <subfield code="h">Småtr. 1147</subfield>
        </datafield>
        <datafield tag="852" ind1="8" ind2=" ">
            <subfield code="b">0183334</subfield>
            <subfield code="c">g00001</subfield>
            <subfield code="h">c KZ 2006 1133</subfield>
        </datafield>
        <datafield tag="859" ind1=" " ind2=" ">
            <subfield code="a">0030100</subfield>
            <subfield code="b">g00005</subfield>
            <subfield code="c">Småtr. 1147</subfield>
            <subfield code="f">0</subfield>
            <subfield code="h">0</subfield>
            <subfield code="x">2015-10-31</subfield>
        </datafield>
        <datafield tag="859" ind1=" " ind2=" ">
            <subfield code="a">0183334</subfield>
            <subfield code="b">g00001</subfield>
            <subfield code="c">c KZ 2006 1133</subfield>
            <subfield code="f">0</subfield>
            <subfield code="h">0</subfield>
            <subfield code="x">2015-10-31</subfield>
        </datafield>
        <datafield tag="876" ind1=" " ind2=" ">
            <subfield code="a">06ga12503</subfield>
            <subfield code="d">20060710</subfield>
            <subfield code="j">kat</subfield>
            <subfield code="p">06ga12503</subfield>
            <subfield code="r">06ga12503</subfield>
            <subfield code="w">DVDRM</subfield>
            <subfield code="z">(CD-plate)(Til bruk på NB Oslos lesesal)</subfield>
        </datafield>
        <datafield tag="876" ind1=" " ind2=" ">
            <subfield code="a">06sa01583</subfield>
            <subfield code="d">20060131</subfield>
            <subfield code="j">kat</subfield>
            <subfield code="p">06sa01583</subfield>
            <subfield code="r">06sa01583</subfield>
            <subfield code="w">DVDRM</subfield>
        </datafield>
        <datafield tag="901" ind1=" " ind2=" ">
            <subfield code="a">90</subfield>
        </datafield>
        <datafield tag="913" ind1=" " ind2=" ">
            <subfield code="a">Norbok</subfield>
            <subfield code="b">NB</subfield>
        </datafield>
    </record>