
    <record>
        <leader>02806cam a2200697 c 4500</leader>
        <controlfield tag="001">990618780734702202</controlfield>
        <controlfield tag="005">20230531162408.0</controlfield>
        <controlfield tag="007">ta</controlfield>
        <controlfield tag="008">140911s2006 no#||||j||||||000|f|nno| </controlfield>
        <datafield tag="014" ind1="1" ind2=" ">
            <subfield code="a">061878073</subfield>
            <subfield code="b">(NO-TrBIB)</subfield>
        </datafield>
        <datafield tag="014" ind1="1" ind2=" ">
            <subfield code="a">061878073</subfield>
            <subfield code="b">(NO-TrBIB)</subfield>
        </datafield>
        <datafield tag="014" ind1="1" ind2=" ">
            <subfield code="a">061878073</subfield>
            <subfield code="b">(NO-TrBIB)</subfield>
        </datafield>
        <datafield tag="015" ind1=" " ind2=" ">
            <subfield code="a">0706535</subfield>
            <subfield code="2">nbf</subfield>
        </datafield>
        <datafield tag="020" ind1=" " ind2=" ">
            <subfield code="a">8205365598</subfield>
            <subfield code="q">ib.</subfield>
            <subfield code="c">Nkr 329.00</subfield>
        </datafield>
        <datafield tag="020" ind1=" " ind2=" ">
            <subfield code="a">9788205365599</subfield>
            <subfield code="q">ib.</subfield>
        </datafield>
        <datafield tag="035" ind1=" " ind2=" ">
            <subfield code="a">(EXLNZ-47BIBSYS_NETWORK)990618780734702201</subfield>
        </datafield>
        <datafield tag="035" ind1=" " ind2=" ">
            <subfield code="a">(NO-TrBIB)061878073</subfield>
        </datafield>
        <datafield tag="035" ind1=" " ind2=" ">
            <subfield code="a">061878073-47bibsys_network</subfield>
        </datafield>
        <datafield tag="035" ind1=" " ind2=" ">
            <subfield code="a">07ga03910-47bibsys_nb</subfield>
        </datafield>
        <datafield tag="035" ind1=" " ind2=" ">
            <subfield code="a">07sa01123-47bibsys_nb</subfield>
        </datafield>
        <datafield tag="035" ind1=" " ind2=" ">
            <subfield code="a">08tm63219-47bibsys_nb</subfield>
        </datafield>
        <datafield tag="040" ind1=" " ind2=" ">
            <subfield code="a">NO-OsNB</subfield>
            <subfield code="b">nob</subfield>
            <subfield code="e">katreg</subfield>
        </datafield>
        <datafield tag="041" ind1="1" ind2=" ">
            <subfield code="h">eng</subfield>
        </datafield>
        <datafield tag="042" ind1=" " ind2=" ">
            <subfield code="a">norbibl</subfield>
        </datafield>
        <datafield tag="044" ind1=" " ind2=" ">
            <subfield code="c">no</subfield>
        </datafield>
        <datafield tag="080" ind1=" " ind2=" ">
            <subfield code="a">820</subfield>
        </datafield>
        <datafield tag="082" ind1="7" ind2="4">
            <subfield code="a">823</subfield>
            <subfield code="q">NO-OsNB</subfield>
            <subfield code="2">5/nor</subfield>
        </datafield>
        <datafield tag="084" ind1=" " ind2=" ">
            <subfield code="a">S 13b/UK</subfield>
            <subfield code="2">oosk</subfield>
        </datafield>
        <datafield tag="100" ind1="1" ind2=" ">
            <subfield code="a">Tolkien, J.R.R.</subfield>
            <subfield code="d">1892-1973</subfield>
            <subfield code="0">(NO-TrBIB)90056310</subfield>
        </datafield>
        <datafield tag="245" ind1="1" ind2="0">
            <subfield code="a">Ringdrotten</subfield>
            <subfield code="c">av J.R.R. Tolkien ; omsett frå engelsk av Eilev Groven
                Myhren</subfield>
        </datafield>
        <datafield tag="246" ind1="1" ind2=" ">
            <subfield code="a">The lord of the rings</subfield>
            <subfield code="i">Originaltittel</subfield>
        </datafield>
        <datafield tag="260" ind1=" " ind2=" ">
            <subfield code="a">[Oslo]</subfield>
            <subfield code="b">Tiden</subfield>
            <subfield code="c">2006</subfield>
        </datafield>
        <datafield tag="300" ind1=" " ind2=" ">
            <subfield code="a">1057 s.</subfield>
            <subfield code="b">ill.</subfield>
        </datafield>
        <datafield tag="500" ind1=" " ind2=" ">
            <subfield code="a">1. norske utg. 1973-1975 i tre bind med tittelen: Krigen om
                ringen</subfield>
        </datafield>
        <datafield tag="505" ind1="0" ind2=" ">
            <subfield code="a">Ringens brorlag ; Dei to tårna ; Kongens atterkome</subfield>
        </datafield>
        <datafield tag="533" ind1=" " ind2=" ">
            <subfield code="a">Elektronisk reproduksjon</subfield>
            <subfield code="b">[Norge]</subfield>
            <subfield code="c">Nasjonalbiblioteket Digital</subfield>
            <subfield code="d">2018-06-27</subfield>
        </datafield>
        <datafield tag="653" ind1=" " ind2=" ">
            <subfield code="a">fantasi</subfield>
            <subfield code="a">fantasy</subfield>
            <subfield code="a">engelsk</subfield>
            <subfield code="a">litteratur</subfield>
        </datafield>
        <datafield tag="655" ind1=" " ind2="4">
            <subfield code="a">Fantasy</subfield>
        </datafield>
        <datafield tag="655" ind1=" " ind2="7">
            <subfield code="a">Romaner</subfield>
            <subfield code="0">(uri)https://id.nb.no/vocabulary/ntsf/258</subfield>
            <subfield code="2">ntsf</subfield>
        </datafield>
        <datafield tag="700" ind1="1" ind2=" ">
            <subfield code="a">Myhren, Eilev Groven</subfield>
            <subfield code="d">1973-</subfield>
            <subfield code="4">trl</subfield>
            <subfield code="0">(NO-TrBIB)1007721</subfield>
        </datafield>
        <datafield tag="740" ind1="0" ind2=" ">
            <subfield code="a">Kongens atterkome</subfield>
        </datafield>
        <datafield tag="740" ind1="0" ind2=" ">
            <subfield code="a">Krigen om ringen</subfield>
        </datafield>
        <datafield tag="740" ind1="0" ind2=" ">
            <subfield code="a">Ringens brorlag</subfield>
        </datafield>
        <datafield tag="740" ind1="4" ind2=" ">
            <subfield code="a">Dei 2 tårna</subfield>
        </datafield>
        <datafield tag="740" ind1="4" ind2=" ">
            <subfield code="a">Dei to tårna</subfield>
        </datafield>
        <datafield tag="852" ind1="8" ind2=" ">
            <subfield code="b">0030100</subfield>
            <subfield code="c">g00005</subfield>
            <subfield code="h">NA/A 2007:1469</subfield>
        </datafield>
        <datafield tag="852" ind1="8" ind2=" ">
            <subfield code="b">0030100</subfield>
            <subfield code="c">g00048</subfield>
            <subfield code="h">ft Tol</subfield>
            <subfield code="t">1</subfield>
        </datafield>
        <datafield tag="852" ind1="8" ind2=" ">
            <subfield code="b">0183334</subfield>
            <subfield code="c">g00001</subfield>
            <subfield code="h">b</subfield>
        </datafield>
        <datafield tag="856" ind1="4" ind2="0">
            <subfield code="3"/>
            <subfield code="y">NB Digital</subfield>
            <subfield code="u">http://urn.nb.no/URN:NBN:no-nb_digibok_2018062707249</subfield>
            <subfield code="z"/>
        </datafield>
        <datafield tag="856" ind1="4" ind2="1">
            <subfield code="3">Fulltekst</subfield>
            <subfield code="u">https://urn.nb.no/URN:NBN:no-nb_digibok_2018062707249</subfield>
            <subfield code="y">Nettbiblioteket</subfield>
            <subfield code="z">Digital representasjon</subfield>
        </datafield>
        <datafield tag="856" ind1="4" ind2="2">
            <subfield code="3">Forlagets beskrivelse (kort)</subfield>
            <subfield code="u">https://contents.bibs.aws.unit.no/?isbn=8205365598</subfield>
        </datafield>
        <datafield tag="856" ind1="4" ind2="2">
            <subfield code="3">Forlagets beskrivelse (kort)</subfield>
            <subfield code="u">https://contents.bibs.aws.unit.no/?isbn=9788205365599</subfield>
        </datafield>
        <datafield tag="856" ind1="4" ind2="2">
            <subfield code="3">Forlagets beskrivelse (lang)</subfield>
            <subfield code="u"
                >https://contents.bibs.aws.unit.no/content/?isbn=9788205365599</subfield>
        </datafield>
        <datafield tag="859" ind1=" " ind2=" ">
            <subfield code="a">0030100</subfield>
            <subfield code="b">g00005</subfield>
            <subfield code="c">NA/A 2007:1469</subfield>
            <subfield code="f">0</subfield>
            <subfield code="h">0</subfield>
            <subfield code="x">2015-10-31</subfield>
        </datafield>
        <datafield tag="859" ind1=" " ind2=" ">
            <subfield code="a">0030100</subfield>
            <subfield code="b">g00048</subfield>
            <subfield code="c">ft Tol</subfield>
            <subfield code="f">0</subfield>
            <subfield code="h">0</subfield>
            <subfield code="x">2015-10-31</subfield>
        </datafield>
        <datafield tag="859" ind1=" " ind2=" ">
            <subfield code="a">0183334</subfield>
            <subfield code="b">g00001</subfield>
            <subfield code="c">b</subfield>
            <subfield code="f">0</subfield>
            <subfield code="h">0</subfield>
            <subfield code="x">2015-10-31</subfield>
        </datafield>
        <datafield tag="876" ind1=" " ind2=" ">
            <subfield code="a">07ga03910</subfield>
            <subfield code="d">20070214</subfield>
            <subfield code="j">kat</subfield>
            <subfield code="p">07ga03910</subfield>
            <subfield code="r">07ga03910</subfield>
            <subfield code="w">BOOK</subfield>
            <subfield code="z">(ib.) (Til bruk på NB Oslos lesesal)</subfield>
        </datafield>
        <datafield tag="876" ind1=" " ind2=" ">
            <subfield code="a">07sa01123</subfield>
            <subfield code="d">20070122</subfield>
            <subfield code="j">kat</subfield>
            <subfield code="p">07sa01123</subfield>
            <subfield code="r">07sa01123</subfield>
            <subfield code="w">BOOK</subfield>
        </datafield>
        <datafield tag="876" ind1=" " ind2=" ">
            <subfield code="a">08tm63219</subfield>
            <subfield code="j">kat</subfield>
            <subfield code="p">08tm63219</subfield>
            <subfield code="r">08tm63219</subfield>
            <subfield code="w">BOOK</subfield>
        </datafield>
        <datafield tag="901" ind1=" " ind2=" ">
            <subfield code="a">90</subfield>
        </datafield>
        <datafield tag="913" ind1=" " ind2=" ">
            <subfield code="a">Norbok</subfield>
            <subfield code="b">NB</subfield>
        </datafield>
    </record>