
    <record>
        <leader>02406cja a2200721 c 4500</leader>
        <controlfield tag="001">990923809304702202</controlfield>
        <controlfield tag="005">20190130102912.0</controlfield>
        <controlfield tag="007">sd f||||||||||</controlfield>
        <controlfield tag="008">140911s2008 xx#|||| ||||||||||||nob| </controlfield>
        <datafield tag="035" ind1=" " ind2=" ">
            <subfield code="a">(EXLNZ-47BIBSYS_NETWORK)990923809304702201</subfield>
        </datafield>
        <datafield tag="035" ind1=" " ind2=" ">
            <subfield code="a">(NO-TrBIB)09238093x</subfield>
        </datafield>
        <datafield tag="040" ind1=" " ind2=" ">
            <subfield code="a">NO-OsNB</subfield>
            <subfield code="b">nob</subfield>
            <subfield code="e">katreg</subfield>
        </datafield>
        <datafield tag="100" ind1="1" ind2=" ">
            <subfield code="a">Kalvik, Finn</subfield>
            <subfield code="d">1947-</subfield>
            <subfield code="4">cmp</subfield>
            <subfield code="0">(NO-TrBIB)90060908</subfield>
        </datafield>
        <datafield tag="245" ind1="1" ind2="0">
            <subfield code="a">Ved peisen</subfield>
            <subfield code="c">tekst: J.R.R. Tolkien ; norsk tekst og musikk: Finn Kalvik</subfield>
            <subfield code="h">[lydopptak]</subfield>
        </datafield>
        <datafield tag="260" ind1=" " ind2=" ">
            <subfield code="c">2008</subfield>
        </datafield>
        <datafield tag="300" ind1=" " ind2=" ">
            <subfield code="a">(3 min, 46 s)</subfield>
        </datafield>
        <datafield tag="511" ind1="0" ind2=" ">
            <subfield code="a">Henrik Eurenius (obo)</subfield>
        </datafield>
        <datafield tag="700" ind1="1" ind2=" ">
            <subfield code="a">Andersen, Eirik Are Oanæs</subfield>
            <subfield code="d">1976-</subfield>
            <subfield code="e">utøver</subfield>
            <subfield code="e">elbass</subfield>
        </datafield>
        <datafield tag="700" ind1="1" ind2=" ">
            <subfield code="a">Apelland, Hans Einar</subfield>
            <subfield code="d">1974-</subfield>
            <subfield code="e">utøver</subfield>
            <subfield code="e">elbass</subfield>
        </datafield>
        <datafield tag="700" ind1="1" ind2=" ">
            <subfield code="a">Augland, Gunnar</subfield>
            <subfield code="d">1967-</subfield>
            <subfield code="e">utøver</subfield>
            <subfield code="e">slagverk</subfield>
        </datafield>
        <datafield tag="700" ind1="1" ind2=" ">
            <subfield code="a">Christoffersen, Herman</subfield>
            <subfield code="d">1975-</subfield>
            <subfield code="e">utøver</subfield>
            <subfield code="e">keyboard</subfield>
        </datafield>
        <datafield tag="700" ind1="1" ind2=" ">
            <subfield code="a">Erdal, Jorun Irene</subfield>
            <subfield code="e">utøver</subfield>
            <subfield code="e">koring</subfield>
        </datafield>
        <datafield tag="700" ind1="1" ind2=" ">
            <subfield code="a">Eurenius, Henrik</subfield>
            <subfield code="e">utøver</subfield>
            <subfield code="e">obo</subfield>
            <subfield code="0">(NO-TrBIB)3025140</subfield>
        </datafield>
        <datafield tag="700" ind1="1" ind2=" ">
            <subfield code="a">Kalvik, Finn</subfield>
            <subfield code="d">1947-</subfield>
            <subfield code="e">utøver</subfield>
            <subfield code="e">sang</subfield>
            <subfield code="e">gitar</subfield>
        </datafield>
        <datafield tag="700" ind1="1" ind2=" ">
            <subfield code="a">Lisland, Marian</subfield>
            <subfield code="d">1965-</subfield>
            <subfield code="e">utøver</subfield>
            <subfield code="e">koring</subfield>
        </datafield>
        <datafield tag="700" ind1="1" ind2=" ">
            <subfield code="a">Litangen, Kjell Harald</subfield>
            <subfield code="d">1973-</subfield>
            <subfield code="e">utøver</subfield>
            <subfield code="e">elgitar</subfield>
            <subfield code="e">gitar</subfield>
        </datafield>
        <datafield tag="700" ind1="1" ind2=" ">
            <subfield code="a">Nilsen, Eldar</subfield>
            <subfield code="e">utøver</subfield>
            <subfield code="e">dirigent</subfield>
        </datafield>
        <datafield tag="700" ind1="1" ind2=" ">
            <subfield code="a">Spurny, Vojtech</subfield>
            <subfield code="e">utøver</subfield>
            <subfield code="e">dirigent</subfield>
        </datafield>
        <datafield tag="700" ind1="1" ind2=" ">
            <subfield code="a">Svendsen, Stein Berge</subfield>
            <subfield code="d">1965-</subfield>
            <subfield code="e">utøver</subfield>
            <subfield code="e">klaver</subfield>
            <subfield code="e">trekkspill</subfield>
            <subfield code="e">keyboard</subfield>
            <subfield code="e">produsent</subfield>
        </datafield>
        <datafield tag="700" ind1="1" ind2=" ">
            <subfield code="a">Tolkien, J.R.R.</subfield>
            <subfield code="d">1892-1973</subfield>
            <subfield code="4">lyr</subfield>
            <subfield code="0">(NO-TrBIB)90056310</subfield>
        </datafield>
        <datafield tag="700" ind1="1" ind2=" ">
            <subfield code="a">Wennerberg, Karl Oluf</subfield>
            <subfield code="d">1972-</subfield>
            <subfield code="e">utøver</subfield>
            <subfield code="e">slagverk</subfield>
        </datafield>
        <datafield tag="710" ind1="2" ind2=" ">
            <subfield code="a">City of Prague Philharmonic Orchestra</subfield>
            <subfield code="e">utøver</subfield>
        </datafield>
        <datafield tag="710" ind1="2" ind2=" ">
            <subfield code="a">Kristiansand symfoniorkester</subfield>
            <subfield code="e">utøver</subfield>
        </datafield>
        <datafield tag="773" ind1="0" ind2=" ">
            <subfield code="a">Kalvik, Finn, 1947-</subfield>
            <subfield code="t">Komplett klassisk Kalvik</subfield>
            <subfield code="d">Oslo : daWorks, 2008</subfield>
            <subfield code="g">1:13</subfield>
            <subfield code="w">990828084494702201</subfield>
        </datafield>
        <datafield tag="901" ind1=" " ind2=" ">
            <subfield code="a">80</subfield>
        </datafield>
        <datafield tag="913" ind1=" " ind2=" ">
            <subfield code="a">Nordisko</subfield>
            <subfield code="b">NB</subfield>
        </datafield>
        <datafield tag="999" ind1=" " ind2=" ">
            <subfield code="a">CP</subfield>
            <subfield code="9">LOCAL</subfield>
        </datafield>
        <datafield tag="999" ind1=" " ind2=" ">
            <subfield code="a">CP</subfield>
            <subfield code="9">LOCAL</subfield>
        </datafield>
        <datafield tag="999" ind1=" " ind2=" ">
            <subfield code="a">CP</subfield>
            <subfield code="9">LOCAL</subfield>
        </datafield>
        <datafield tag="999" ind1=" " ind2=" ">
            <subfield code="a">CP</subfield>
            <subfield code="9">LOCAL</subfield>
        </datafield>
        <datafield tag="999" ind1=" " ind2=" ">
            <subfield code="a">CP</subfield>
            <subfield code="9">LOCAL</subfield>
        </datafield>
        <datafield tag="999" ind1=" " ind2=" ">
            <subfield code="a">CP</subfield>
            <subfield code="9">LOCAL</subfield>
        </datafield>
        <datafield tag="999" ind1=" " ind2=" ">
            <subfield code="a">CP</subfield>
            <subfield code="9">LOCAL</subfield>
        </datafield>
        <datafield tag="999" ind1=" " ind2=" ">
            <subfield code="a">CP</subfield>
            <subfield code="9">LOCAL</subfield>
        </datafield>
        <datafield tag="999" ind1=" " ind2=" ">
            <subfield code="a">CP</subfield>
            <subfield code="9">LOCAL</subfield>
        </datafield>
        <datafield tag="999" ind1=" " ind2=" ">
            <subfield code="a">CP</subfield>
            <subfield code="9">LOCAL</subfield>
        </datafield>
        <datafield tag="999" ind1=" " ind2=" ">
            <subfield code="a">CP</subfield>
            <subfield code="9">LOCAL</subfield>
        </datafield>
        <datafield tag="999" ind1=" " ind2=" ">
            <subfield code="a">CP</subfield>
            <subfield code="9">LOCAL</subfield>
        </datafield>
        <datafield tag="999" ind1=" " ind2=" ">
            <subfield code="a">CP</subfield>
            <subfield code="9">LOCAL</subfield>
        </datafield>
        <datafield tag="999" ind1=" " ind2=" ">
            <subfield code="a">CP</subfield>
            <subfield code="9">LOCAL</subfield>
        </datafield>
        <datafield tag="999" ind1=" " ind2=" ">
            <subfield code="a">CP</subfield>
            <subfield code="9">LOCAL</subfield>
        </datafield>
        <datafield tag="999" ind1=" " ind2=" ">
            <subfield code="a">CP</subfield>
            <subfield code="9">LOCAL</subfield>
        </datafield>
        <datafield tag="999" ind1=" " ind2=" ">
            <subfield code="a">CP</subfield>
            <subfield code="9">LOCAL</subfield>
        </datafield>
        <datafield tag="999" ind1=" " ind2=" ">
            <subfield code="a">CP</subfield>
            <subfield code="9">LOCAL</subfield>
        </datafield>
        <datafield tag="999" ind1=" " ind2=" ">
            <subfield code="a">CP</subfield>
            <subfield code="9">LOCAL</subfield>
        </datafield>
        <datafield tag="999" ind1=" " ind2=" ">
            <subfield code="a">CP</subfield>
            <subfield code="9">LOCAL</subfield>
        </datafield>
        <datafield tag="999" ind1=" " ind2=" ">
            <subfield code="a">CP</subfield>
            <subfield code="9">LOCAL</subfield>
        </datafield>
        <datafield tag="999" ind1=" " ind2=" ">
            <subfield code="a">CP</subfield>
            <subfield code="9">LOCAL</subfield>
        </datafield>
        <datafield tag="999" ind1=" " ind2=" ">
            <subfield code="a">CP</subfield>
            <subfield code="9">LOCAL</subfield>
        </datafield>
        <datafield tag="999" ind1=" " ind2=" ">
            <subfield code="a">CP</subfield>
            <subfield code="9">LOCAL</subfield>
        </datafield>
        <datafield tag="999" ind1=" " ind2=" ">
            <subfield code="a">CP</subfield>
            <subfield code="9">LOCAL</subfield>
        </datafield>
        <datafield tag="999" ind1=" " ind2=" ">
            <subfield code="a">CP</subfield>
            <subfield code="9">LOCAL</subfield>
        </datafield>
        <datafield tag="999" ind1=" " ind2=" ">
            <subfield code="a">CP</subfield>
            <subfield code="9">LOCAL</subfield>
        </datafield>
    </record>