
    <record>
        <leader>01768ccm a2200481 c 4500</leader>
        <controlfield tag="001">991123466424702202</controlfield>
        <controlfield tag="005">20160812104159.0</controlfield>
        <controlfield tag="007">qu</controlfield>
        <controlfield tag="008">140911s2016 no |||||||||||||||||und| </controlfield>
        <datafield tag="014" ind1="1" ind2=" ">
            <subfield code="a">112346642</subfield>
            <subfield code="b">(NO-TrBIB)</subfield>
        </datafield>
        <datafield tag="015" ind1=" " ind2=" ">
            <subfield code="a">1116290</subfield>
            <subfield code="2">nbf</subfield>
        </datafield>
        <datafield tag="035" ind1=" " ind2=" ">
            <subfield code="a">(EXLNZ-47BIBSYS_NETWORK)991123466424702201</subfield>
        </datafield>
        <datafield tag="035" ind1=" " ind2=" ">
            <subfield code="a">(NO-TrBIB)112346642</subfield>
        </datafield>
        <datafield tag="035" ind1=" " ind2=" ">
            <subfield code="a">112346642-47bibsys_network</subfield>
        </datafield>
        <datafield tag="035" ind1=" " ind2=" ">
            <subfield code="a">11g061802-47bibsys_nb</subfield>
        </datafield>
        <datafield tag="040" ind1=" " ind2=" ">
            <subfield code="a">NO-OsNB</subfield>
            <subfield code="b">nob</subfield>
            <subfield code="e">katreg</subfield>
        </datafield>
        <datafield tag="042" ind1=" " ind2=" ">
            <subfield code="a">norbibl</subfield>
        </datafield>
        <datafield tag="044" ind1=" " ind2=" ">
            <subfield code="c">no</subfield>
        </datafield>
        <datafield tag="082" ind1="7" ind2="4">
            <subfield code="a">782.647</subfield>
            <subfield code="q">NO-OsNB</subfield>
            <subfield code="2">5/nor</subfield>
        </datafield>
        <datafield tag="100" ind1="1" ind2=" ">
            <subfield code="a">Romberg, Martin</subfield>
            <subfield code="d">1978-</subfield>
            <subfield code="0">(NO-TrBIB)8016998</subfield>
        </datafield>
        <datafield tag="245" ind1="1" ind2="0">
            <subfield code="a">Eldarinwë líri :</subfield>
            <subfield code="b">song cycle after J.R.R. Tolkien's elven poetry : for three sopranos,
                girls' choir and two harps = Elven songs</subfield>
            <subfield code="c">Martin Romberg</subfield>
            <subfield code="h">[musikktrykk]</subfield>
        </datafield>
        <datafield tag="246" ind1="3" ind2="1">
            <subfield code="a">Elven songs</subfield>
        </datafield>
        <datafield tag="254" ind1=" " ind2=" ">
            <subfield code="a">Full score</subfield>
        </datafield>
        <datafield tag="260" ind1=" " ind2=" ">
            <subfield code="a">[Oslo]</subfield>
            <subfield code="b">NBnoter</subfield>
            <subfield code="c">[2016]</subfield>
        </datafield>
        <datafield tag="300" ind1=" " ind2=" ">
            <subfield code="a">1 partitur (33 s.)</subfield>
            <subfield code="c">30 cm</subfield>
        </datafield>
        <datafield tag="382" ind1=" " ind2="1">
            <subfield code="a">Harpe</subfield>
            <subfield code="n">2</subfield>
            <subfield code="a">Jentekor</subfield>
            <subfield code="a">Sopran</subfield>
            <subfield code="n">3</subfield>
            <subfield code="2">emnmus</subfield>
        </datafield>
        <datafield tag="500" ind1=" " ind2=" ">
            <subfield code="a">Datakopi</subfield>
        </datafield>
        <datafield tag="500" ind1=" " ind2=" ">
            <subfield code="a">Datert: 2009-2010; revidert 2016</subfield>
        </datafield>
        <datafield tag="500" ind1=" " ind2=" ">
            <subfield code="a">Konstruert språk</subfield>
        </datafield>
        <datafield tag="500" ind1=" " ind2=" ">
            <subfield code="a">Varighet: ca 21 min</subfield>
        </datafield>
        <datafield tag="505" ind1="0" ind2=" ">
            <subfield code="a">A Elbereth Gilthoniel (Sindarin) ; Oilima Markirya (Quenya) ;
                Nieninque (early Quenya) ; Fíriel's song (Quenya) ; Namárië (Quenya)</subfield>
        </datafield>
        <datafield tag="700" ind1="1" ind2=" ">
            <subfield code="a">Tolkien, J.R.R.</subfield>
            <subfield code="d">1892-1973</subfield>
            <subfield code="4">aut</subfield>
            <subfield code="0">(NO-TrBIB)90056310</subfield>
        </datafield>
        <datafield tag="740" ind1="0" ind2=" ">
            <subfield code="a">A Elbereth Gilthoniel (Sindarin)</subfield>
        </datafield>
        <datafield tag="740" ind1="0" ind2=" ">
            <subfield code="a">Fíriel's song (Quenya)</subfield>
        </datafield>
        <datafield tag="740" ind1="0" ind2=" ">
            <subfield code="a">Namárië (Quenya)</subfield>
        </datafield>
        <datafield tag="740" ind1="0" ind2=" ">
            <subfield code="a">Nieninque (early Quenya)</subfield>
        </datafield>
        <datafield tag="740" ind1="0" ind2=" ">
            <subfield code="a">Oilima Markirya (Quenya)</subfield>
        </datafield>
        <datafield tag="852" ind1="8" ind2=" ">
            <subfield code="b">0030100</subfield>
            <subfield code="c">g00022</subfield>
            <subfield code="h">NM 1894:4</subfield>
        </datafield>
        <datafield tag="859" ind1=" " ind2=" ">
            <subfield code="a">0030100</subfield>
            <subfield code="b">g00022</subfield>
            <subfield code="c">NM 1894:4</subfield>
            <subfield code="f">0</subfield>
            <subfield code="h">0</subfield>
            <subfield code="x">2015-10-31</subfield>
        </datafield>
        <datafield tag="876" ind1=" " ind2=" ">
            <subfield code="a">11g061802</subfield>
            <subfield code="j">kat</subfield>
            <subfield code="p">11g061802</subfield>
            <subfield code="r">11g061802</subfield>
            <subfield code="z">(Til bruk i Mediateket)</subfield>
        </datafield>
        <datafield tag="901" ind1=" " ind2=" ">
            <subfield code="a">90</subfield>
        </datafield>
        <datafield tag="913" ind1=" " ind2=" ">
            <subfield code="a">Musikk</subfield>
            <subfield code="b">NB</subfield>
        </datafield>
        <datafield tag="913" ind1=" " ind2=" ">
            <subfield code="a">Nornoter</subfield>
            <subfield code="b">NB</subfield>
        </datafield>
    </record>