
    <record>
        <leader>01093cam a2200313 c 4500</leader>
        <controlfield tag="001">998021260224702202</controlfield>
        <controlfield tag="005">20220902115356.0</controlfield>
        <controlfield tag="007">ta</controlfield>
        <controlfield tag="008">140911s1976 xx#||||j||||||000|u|eng|d</controlfield>
        <datafield tag="014" ind1="1" ind2=" ">
            <subfield code="a">802126022</subfield>
            <subfield code="b">(NO-TrBIB)</subfield>
        </datafield>
        <datafield tag="020" ind1=" " ind2=" ">
            <subfield code="a">0048231304</subfield>
            <subfield code="q">ib.</subfield>
        </datafield>
        <datafield tag="020" ind1=" " ind2=" ">
            <subfield code="a">0048231487</subfield>
            <subfield code="q">h.</subfield>
        </datafield>
        <datafield tag="035" ind1=" " ind2=" ">
            <subfield code="a">(EXLNZ-47BIBSYS_NETWORK)998021260224702201</subfield>
        </datafield>
        <datafield tag="035" ind1=" " ind2=" ">
            <subfield code="a">(NO-TrBIB)802126022</subfield>
        </datafield>
        <datafield tag="035" ind1=" " ind2=" ">
            <subfield code="a">08tm58908-47bibsys_nb</subfield>
        </datafield>
        <datafield tag="035" ind1=" " ind2=" ">
            <subfield code="a">802126022-47bibsys_network</subfield>
        </datafield>
        <datafield tag="040" ind1=" " ind2=" ">
            <subfield code="a">NO-TrBIB</subfield>
            <subfield code="b">nob</subfield>
            <subfield code="e">katreg</subfield>
        </datafield>
        <datafield tag="041" ind1="1" ind2=" ">
            <subfield code="h">eng</subfield>
        </datafield>
        <datafield tag="100" ind1="1" ind2=" ">
            <subfield code="a">Tolkien, J.R.R.</subfield>
            <subfield code="d">1892-1973</subfield>
            <subfield code="0">(NO-TrBIB)90056310</subfield>
        </datafield>
        <datafield tag="245" ind1="1" ind2="4">
            <subfield code="a">The Father Christmas letters</subfield>
            <subfield code="c">J. R. R. Tolkien ; edited by Baillie Tolkien</subfield>
        </datafield>
        <datafield tag="260" ind1=" " ind2=" ">
            <subfield code="a">London</subfield>
            <subfield code="b">Allen &amp; Unwin</subfield>
            <subfield code="c">1976</subfield>
        </datafield>
        <datafield tag="300" ind1=" " ind2=" ">
            <subfield code="a">[46] s.</subfield>
            <subfield code="b">ill.</subfield>
        </datafield>
        <datafield tag="653" ind1=" " ind2=" ">
            <subfield code="a">høytidsdager</subfield>
            <subfield code="a">jul</subfield>
        </datafield>
        <datafield tag="700" ind1="1" ind2=" ">
            <subfield code="a">Tolkien, Baillie</subfield>
            <subfield code="4">edt</subfield>
            <subfield code="0">(NO-TrBIB)90134511</subfield>
        </datafield>
        <datafield tag="852" ind1="8" ind2=" ">
            <subfield code="b">0030100</subfield>
            <subfield code="c">g00048</subfield>
            <subfield code="h">orig Tol</subfield>
            <subfield code="t">1</subfield>
        </datafield>
        <datafield tag="856" ind1="4" ind2="2">
            <subfield code="3">Forlagets beskrivelse (kort)</subfield>
            <subfield code="u">https://contents.bibs.aws.unit.no/?isbn=9780048231482</subfield>
        </datafield>
        <datafield tag="859" ind1=" " ind2=" ">
            <subfield code="a">0030100</subfield>
            <subfield code="b">g00048</subfield>
            <subfield code="c">orig Tol</subfield>
            <subfield code="f">0</subfield>
            <subfield code="h">0</subfield>
            <subfield code="x">2015-10-31</subfield>
        </datafield>
        <datafield tag="876" ind1=" " ind2=" ">
            <subfield code="a">08tm58908</subfield>
            <subfield code="j">kat</subfield>
            <subfield code="p">08tm58908</subfield>
            <subfield code="r">08tm58908</subfield>
            <subfield code="w">BOOK</subfield>
        </datafield>
        <datafield tag="901" ind1=" " ind2=" ">
            <subfield code="a">80</subfield>
        </datafield>
    </record>