
    <record>
        <leader>03011cas a2200601 c 4500</leader>
        <controlfield tag="001">999200529754702202</controlfield>
        <controlfield tag="005">20230214133241.0</controlfield>
        <controlfield tag="007">ta</controlfield>
        <controlfield tag="008">071128c19819999no tr|p| |||||||||b0mul| </controlfield>
        <datafield tag="022" ind1="0" ind2=" ">
            <subfield code="a">0803-4931</subfield>
            <subfield code="2">r</subfield>
        </datafield>
        <datafield tag="035" ind1=" " ind2=" ">
            <subfield code="a">(EXLNZ-47BIBSYS_NETWORK)999200529754702201</subfield>
        </datafield>
        <datafield tag="035" ind1=" " ind2=" ">
            <subfield code="a">(NO-TrBIB)920052975</subfield>
        </datafield>
        <datafield tag="035" ind1=" " ind2=" ">
            <subfield code="a">920052975-47bibsys_network</subfield>
        </datafield>
        <datafield tag="040" ind1=" " ind2=" ">
            <subfield code="a">NO-OsNB</subfield>
            <subfield code="b">nob</subfield>
            <subfield code="e">katreg</subfield>
        </datafield>
        <datafield tag="041" ind1="0" ind2=" ">
            <subfield code="a">mul</subfield>
            <subfield code="a">nob</subfield>
            <subfield code="a">nno</subfield>
        </datafield>
        <datafield tag="044" ind1=" " ind2=" ">
            <subfield code="c">no</subfield>
        </datafield>
        <datafield tag="082" ind1="7" ind2="4">
            <subfield code="a">820</subfield>
            <subfield code="2">5/nor</subfield>
            <subfield code="q">NO-OsNB</subfield>
        </datafield>
        <datafield tag="084" ind1=" " ind2=" ">
            <subfield code="a">Ab 35b</subfield>
            <subfield code="2">ubtkl/2</subfield>
        </datafield>
        <datafield tag="210" ind1="1" ind2=" ">
            <subfield code="a">Angerthas</subfield>
            <subfield code="b">(Oslo, Trykt utg.)</subfield>
        </datafield>
        <datafield tag="222" ind1=" " ind2="0">
            <subfield code="a">Angerthas</subfield>
            <subfield code="b">(Oslo. Trykt utg.)</subfield>
        </datafield>
        <datafield tag="245" ind1="0" ind2="0">
            <subfield code="a">Angerthas :</subfield>
            <subfield code="b">tidsskrift for Arthedain - Norges tolkienforening</subfield>
        </datafield>
        <datafield tag="260" ind1=" " ind2=" ">
            <subfield code="a">Oslo</subfield>
            <subfield code="b">Arthedain</subfield>
            <subfield code="c">1981-</subfield>
        </datafield>
        <datafield tag="310" ind1=" " ind2=" ">
            <subfield code="a">3 nr. pr. år</subfield>
            <subfield code="b">2017-</subfield>
        </datafield>
        <datafield tag="321" ind1=" " ind2=" ">
            <subfield code="a">Periodisiteten varierer</subfield>
            <subfield code="b">1981-2016</subfield>
        </datafield>
        <datafield tag="362" ind1=" " ind2=" ">
            <subfield code="a">[1 (1981)]-</subfield>
        </datafield>
        <datafield tag="515" ind1=" " ind2=" ">
            <subfield code="a">I september 1981 utkom et hefte betegnet nr 0</subfield>
        </datafield>
        <datafield tag="533" ind1=" " ind2=" ">
            <subfield code="a">Elektronisk reproduksjon</subfield>
            <subfield code="b">[Norge]</subfield>
            <subfield code="c">Nasjonalbiblioteket Digital</subfield>
            <subfield code="d">2022-06-06</subfield>
        </datafield>
        <datafield tag="590" ind1=" " ind2=" ">
            <subfield code="a">Tre utgivelser i året.. Inkluderer volum, nummer, forløpende nr,
                år.</subfield>
        </datafield>
        <datafield tag="590" ind1=" " ind2=" ">
            <subfield code="a">Tre utgivelser i året.. Inkluderer volum, nummer, forløpende nr,
                år.</subfield>
        </datafield>
        <datafield tag="590" ind1=" " ind2=" ">
            <subfield code="a">Tre utgivelser i året.. Inkluderer volum, nummer, forløpende nr,
                år.</subfield>
        </datafield>
        <datafield tag="710" ind1="2" ind2=" ">
            <subfield code="a">Arthedain (Norges tolkienforening)</subfield>
            <subfield code="0">(NO-TrBIB)90584229</subfield>
            <subfield code="4">pbl</subfield>
        </datafield>
        <datafield tag="852" ind1="8" ind2=" ">
            <subfield code="b">0030100</subfield>
            <subfield code="c">g00005</subfield>
            <subfield code="h">NT 8542</subfield>
        </datafield>
        <datafield tag="852" ind1="8" ind2=" ">
            <subfield code="b">0183334</subfield>
            <subfield code="c">g00001</subfield>
            <subfield code="h">4591</subfield>
            <subfield code="x">BEV - DEP / ALMAPROSJEKT 05/21, lhj / KLAR FOR MOTTAK I ALMA 09.06.21
                CM /</subfield>
        </datafield>
        <datafield tag="852" ind1="8" ind2=" ">
            <subfield code="b">0183334</subfield>
            <subfield code="c">g00005</subfield>
            <subfield code="x">BEV - DEP / ALMAPROSJEKT 05/21, lhj / KLAR FOR MOTTAK I ALMA 09.06.21
                CM /</subfield>
            <subfield code="h"> 4591 </subfield>
        </datafield>
        <datafield tag="853" ind1="0" ind2="3">
            <subfield code="a">(Årg.)</subfield>
            <subfield code="b">(nr.)</subfield>
            <subfield code="v">r</subfield>
            <subfield code="u">3</subfield>
            <subfield code="c">(nr.)</subfield>
            <subfield code="v">c</subfield>
            <subfield code="u">1</subfield>
            <subfield code="i">(year)</subfield>
            <subfield code="w">3</subfield>
            <subfield code="y">pm02,07,12</subfield>
            <subfield code="8">1</subfield>
        </datafield>
        <datafield tag="853" ind1="0" ind2="3">
            <subfield code="a">(Årg.)</subfield>
            <subfield code="b">(nr.)</subfield>
            <subfield code="v">r</subfield>
            <subfield code="u">3</subfield>
            <subfield code="c">(nr.)</subfield>
            <subfield code="v">c</subfield>
            <subfield code="u">1</subfield>
            <subfield code="i">(year)</subfield>
            <subfield code="w">3</subfield>
            <subfield code="y">pm02,07,12</subfield>
            <subfield code="8">1</subfield>
        </datafield>
        <datafield tag="853" ind1="0" ind2="3">
            <subfield code="a">(Årg.)</subfield>
            <subfield code="b">(nr.)</subfield>
            <subfield code="v">r</subfield>
            <subfield code="u">3</subfield>
            <subfield code="c">(nr.)</subfield>
            <subfield code="v">c</subfield>
            <subfield code="u">1</subfield>
            <subfield code="i">(year)</subfield>
            <subfield code="w">3</subfield>
            <subfield code="y">pm02,07,12</subfield>
            <subfield code="8">1</subfield>
        </datafield>
        <datafield tag="853" ind1="X" ind2=" ">
            <subfield code="8">1</subfield>
            <subfield code="a">^</subfield>
            <subfield code="b">1</subfield>
            <subfield code="c">93</subfield>
            <subfield code="i">2023</subfield>
            <subfield code="3">20230201</subfield>
        </datafield>
        <datafield tag="853" ind1="X" ind2=" ">
            <subfield code="8">1</subfield>
            <subfield code="a">^</subfield>
            <subfield code="b">1</subfield>
            <subfield code="c">96</subfield>
            <subfield code="i">2024</subfield>
            <subfield code="3">20240201</subfield>
        </datafield>
        <datafield tag="853" ind1="X" ind2=" ">
            <subfield code="8">1</subfield>
            <subfield code="a">^</subfield>
            <subfield code="b">1</subfield>
            <subfield code="c">96</subfield>
            <subfield code="i">2024</subfield>
            <subfield code="3">20240201</subfield>
        </datafield>
        <datafield tag="856" ind1="4" ind2="0">
            <subfield code="3">(2022,Februar)</subfield>
            <subfield code="y">NB Digital</subfield>
            <subfield code="u"
                >http://urn.nb.no/URN:NBN:no-nb_digitidsskrift_2022042183028_001</subfield>
            <subfield code="z"/>
        </datafield>
        <datafield tag="856" ind1="4" ind2="0">
            <subfield code="3">(2022,Juni),91</subfield>
            <subfield code="y">NB Digital</subfield>
            <subfield code="u"
                >http://urn.nb.no/URN:NBN:no-nb_digitidsskrift_2022082483146_001</subfield>
            <subfield code="z"/>
        </datafield>
        <datafield tag="856" ind1="4" ind2="0">
            <subfield code="3">(2022,Oktober),92</subfield>
            <subfield code="y">NB Digital</subfield>
            <subfield code="u"
                >http://urn.nb.no/URN:NBN:no-nb_digitidsskrift_2022110783350_001</subfield>
            <subfield code="z"/>
        </datafield>
        <datafield tag="856" ind1="4" ind2="0">
            <subfield code="3">(2023)</subfield>
            <subfield code="y">NB Digital</subfield>
            <subfield code="u"
                >http://urn.nb.no/URN:NBN:no-nb_digitidsskrift_2023031483075_001</subfield>
            <subfield code="z"/>
        </datafield>
        <datafield tag="856" ind1="4" ind2="0">
            <subfield code="3">(2023),93</subfield>
            <subfield code="y">NB Digital plikt</subfield>
            <subfield code="u"
                >http://urn.nb.no/URN:NBN:no-nb_plikttidsskrift_fe2e8d2b-56b6-4930-b55e-47d513d4ab3b</subfield>
            <subfield code="z"/>
        </datafield>
        <datafield tag="856" ind1="4" ind2="0">
            <subfield code="3">(2023,Juni),94</subfield>
            <subfield code="y">NB Digital</subfield>
            <subfield code="u"
                >http://urn.nb.no/URN:NBN:no-nb_digitidsskrift_2023081883041_001</subfield>
            <subfield code="z"/>
        </datafield>
        <datafield tag="856" ind1="4" ind2="1">
            <subfield code="3">Fulltekst</subfield>
            <subfield code="u"
                >https://www.nb.no/search?q=seriestitleid:&quot;oai:nb.bibsys.no:999200529754702202&quot;&amp;mediatype=tidsskrift</subfield>
            <subfield code="y">Nettbiblioteket</subfield>
            <subfield code="z">Søke-URL</subfield>
        </datafield>
        <datafield tag="866" ind1="3" ind2="0">
            <subfield code="a">1981-(2022,Februar) -,90 (Ukpl.)</subfield>
            <subfield code="z">(Til bruk på NB Oslos lesesal)</subfield>
        </datafield>
        <datafield tag="866" ind1="3" ind2="0">
            <subfield code="a">Nr 26(1990)-</subfield>
            <subfield code="z">(Sikringseksemplar.)</subfield>
        </datafield>
        <datafield tag="866" ind1="3" ind2="0">
            <subfield code="a">Nr 26(1990)-</subfield>
            <subfield code="z">(Sikringseksemplar.)</subfield>
        </datafield>
        <datafield tag="901" ind1=" " ind2=" ">
            <subfield code="a">80</subfield>
        </datafield>
        <datafield tag="913" ind1=" " ind2=" ">
            <subfield code="a">ISSN</subfield>
            <subfield code="b">NB</subfield>
        </datafield>
        <datafield tag="913" ind1=" " ind2=" ">
            <subfield code="a">Norper</subfield>
            <subfield code="b">NB</subfield>
        </datafield>
    </record>