
    <record>
        <leader>01152cam a22003377c 4500</leader>
        <controlfield tag="001">999412914054702202</controlfield>
        <controlfield tag="005">20220915095427.0</controlfield>
        <controlfield tag="007">ta</controlfield>
        <controlfield tag="008">141203s1968 xx#||||j||||||000|u|eng|d</controlfield>
        <datafield tag="014" ind1="1" ind2=" ">
            <subfield code="a">941291405</subfield>
            <subfield code="b">(NO-TrBIB)</subfield>
        </datafield>
        <datafield tag="020" ind1=" " ind2=" ">
            <subfield code="a">0048230871</subfield>
        </datafield>
        <datafield tag="020" ind1=" " ind2=" ">
            <subfield code="a">0048231495</subfield>
            <subfield code="q">h.</subfield>
        </datafield>
        <datafield tag="035" ind1=" " ind2=" ">
            <subfield code="a">(EXLNZ-47BIBSYS_NETWORK)999412914054702201</subfield>
        </datafield>
        <datafield tag="035" ind1=" " ind2=" ">
            <subfield code="a">(NO-TrBIB)941291405</subfield>
        </datafield>
        <datafield tag="035" ind1=" " ind2=" ">
            <subfield code="a">08tm58970-47bibsys_nb</subfield>
        </datafield>
        <datafield tag="035" ind1=" " ind2=" ">
            <subfield code="a">941291405-47bibsys_network</subfield>
        </datafield>
        <datafield tag="040" ind1=" " ind2=" ">
            <subfield code="a">NO-TrBIB</subfield>
            <subfield code="b">nob</subfield>
            <subfield code="e">katreg</subfield>
        </datafield>
        <datafield tag="100" ind1="1" ind2=" ">
            <subfield code="a">Tolkien, J.R.R.</subfield>
            <subfield code="d">1892-1973</subfield>
            <subfield code="0">(NO-TrBIB)90056310</subfield>
        </datafield>
        <datafield tag="245" ind1="1" ind2="4">
            <subfield code="a">The lord of the rings</subfield>
        </datafield>
        <datafield tag="260" ind1=" " ind2=" ">
            <subfield code="a">London</subfield>
            <subfield code="b">Allen and Unwin</subfield>
            <subfield code="c">1968</subfield>
        </datafield>
        <datafield tag="300" ind1=" " ind2=" ">
            <subfield code="a">3 b. i 1 (1077 s.)</subfield>
        </datafield>
        <datafield tag="505" ind1="0" ind2=" ">
            <subfield code="a">The fellowship of the ring ; The two towers ; The return of the
                king</subfield>
        </datafield>
        <datafield tag="653" ind1=" " ind2=" ">
            <subfield code="a">fantasy</subfield>
        </datafield>
        <datafield tag="740" ind1="4" ind2=" ">
            <subfield code="a">The fellowship of the ring</subfield>
        </datafield>
        <datafield tag="740" ind1="4" ind2=" ">
            <subfield code="a">The return of the king</subfield>
        </datafield>
        <datafield tag="740" ind1="4" ind2=" ">
            <subfield code="a">The two towers</subfield>
        </datafield>
        <datafield tag="852" ind1="8" ind2=" ">
            <subfield code="b">0030100</subfield>
            <subfield code="c">g00048</subfield>
            <subfield code="h">orig Tol</subfield>
            <subfield code="t">1</subfield>
        </datafield>
        <datafield tag="856" ind1="4" ind2="2">
            <subfield code="3">Forlagets beskrivelse (kort)</subfield>
            <subfield code="u">https://contents.bibs.aws.unit.no/?isbn=9780048231499</subfield>
        </datafield>
        <datafield tag="859" ind1=" " ind2=" ">
            <subfield code="a">0030100</subfield>
            <subfield code="b">g00048</subfield>
            <subfield code="c">orig Tol</subfield>
            <subfield code="f">0</subfield>
            <subfield code="h">0</subfield>
            <subfield code="x">2015-10-31</subfield>
        </datafield>
        <datafield tag="876" ind1=" " ind2=" ">
            <subfield code="a">08tm58970</subfield>
            <subfield code="j">mini</subfield>
            <subfield code="p">08tm58970</subfield>
            <subfield code="r">08tm58970</subfield>
            <subfield code="w">BOOK</subfield>
        </datafield>
        <datafield tag="901" ind1=" " ind2=" ">
            <subfield code="a">60</subfield>
        </datafield>
    </record>