
    <record>
        <leader>01389cam a22003617c 4500</leader>
        <controlfield tag="001">999423660344702202</controlfield>
        <controlfield tag="005">20180704111444.0</controlfield>
        <controlfield tag="007">ta</controlfield>
        <controlfield tag="008">150210s1956 xx |||||||||||000|u|eng|d</controlfield>
        <datafield tag="014" ind1="1" ind2=" ">
            <subfield code="a">942366034</subfield>
            <subfield code="b">(NO-TrBIB)</subfield>
        </datafield>
        <datafield tag="014" ind1="1" ind2=" ">
            <subfield code="a">942366034</subfield>
            <subfield code="b">(NO-TrBIB)</subfield>
        </datafield>
        <datafield tag="035" ind1=" " ind2=" ">
            <subfield code="a">(EXLNZ-47BIBSYS_NETWORK)999423660344702201</subfield>
        </datafield>
        <datafield tag="035" ind1=" " ind2=" ">
            <subfield code="a">(NO-TrBIB)942366034</subfield>
        </datafield>
        <datafield tag="035" ind1=" " ind2=" ">
            <subfield code="a">85ga00125-47bibsys_nb</subfield>
        </datafield>
        <datafield tag="035" ind1=" " ind2=" ">
            <subfield code="a">85ga02294-47bibsys_nb</subfield>
        </datafield>
        <datafield tag="035" ind1=" " ind2=" ">
            <subfield code="a">942366034-47bibsys_network</subfield>
        </datafield>
        <datafield tag="040" ind1=" " ind2=" ">
            <subfield code="a">NO-TrBIB</subfield>
            <subfield code="b">nob</subfield>
            <subfield code="e">katreg</subfield>
        </datafield>
        <datafield tag="084" ind1=" " ind2=" ">
            <subfield code="a">Hn 12b</subfield>
            <subfield code="2">oosk</subfield>
        </datafield>
        <datafield tag="130" ind1="0" ind2=" ">
            <subfield code="a">Hervarar saga og Heiðreks</subfield>
            <subfield code="0">(NO-TrBIB)90301999</subfield>
        </datafield>
        <datafield tag="245" ind1="1" ind2="0">
            <subfield code="a">Hervarar saga ok Heiðreks</subfield>
            <subfield code="c">with notes and glossary by G. Turville-Petre ; introduction by
                Christopher Tolkien</subfield>
        </datafield>
        <datafield tag="260" ind1=" " ind2=" ">
            <subfield code="a">London</subfield>
            <subfield code="c">1956</subfield>
        </datafield>
        <datafield tag="300" ind1=" " ind2=" ">
            <subfield code="a">145 s.</subfield>
        </datafield>
        <datafield tag="490" ind1="1" ind2=" ">
            <subfield code="a">Text series / Viking society</subfield>
            <subfield code="v">2</subfield>
        </datafield>
        <datafield tag="700" ind1="1" ind2=" ">
            <subfield code="a">Tolkien, Christopher</subfield>
            <subfield code="d">1924-2020</subfield>
            <subfield code="0">(NO-TrBIB)90056309</subfield>
        </datafield>
        <datafield tag="700" ind1="1" ind2=" ">
            <subfield code="a">Turville-Petre, Gabriel</subfield>
            <subfield code="0">(NO-TrBIB)90687846</subfield>
        </datafield>
        <datafield tag="830" ind1=" " ind2="0">
            <subfield code="a">Text series (Viking Society for Northern Research)</subfield>
            <subfield code="x">0083-6257</subfield>
            <subfield code="v">2</subfield>
            <subfield code="w">999207563104702201</subfield>
        </datafield>
        <datafield tag="852" ind1="8" ind2=" ">
            <subfield code="b">0030100</subfield>
            <subfield code="c">g00005</subfield>
            <subfield code="h">HeIII:1 46/2</subfield>
        </datafield>
        <datafield tag="852" ind1="8" ind2=" ">
            <subfield code="b">0030100</subfield>
            <subfield code="c">g00005</subfield>
            <subfield code="h">HeIII:2 2917</subfield>
        </datafield>
        <datafield tag="859" ind1=" " ind2=" ">
            <subfield code="a">0030100</subfield>
            <subfield code="b">g00005</subfield>
            <subfield code="c">HeIII:1 46/2</subfield>
            <subfield code="f">0</subfield>
            <subfield code="h">0</subfield>
            <subfield code="x">2015-10-31</subfield>
        </datafield>
        <datafield tag="859" ind1=" " ind2=" ">
            <subfield code="a">0030100</subfield>
            <subfield code="b">g00005</subfield>
            <subfield code="c">HeIII:2 2917</subfield>
            <subfield code="f">0</subfield>
            <subfield code="h">0</subfield>
            <subfield code="x">2015-10-31</subfield>
        </datafield>
        <datafield tag="876" ind1=" " ind2=" ">
            <subfield code="a">85ga00125</subfield>
            <subfield code="j">mini</subfield>
            <subfield code="p">85ga00125</subfield>
            <subfield code="r">85ga00125</subfield>
            <subfield code="w">BOOK</subfield>
        </datafield>
        <datafield tag="876" ind1=" " ind2=" ">
            <subfield code="a">85ga02294</subfield>
            <subfield code="j">mini</subfield>
            <subfield code="p">85ga02294</subfield>
            <subfield code="r">85ga02294</subfield>
            <subfield code="w">BOOK</subfield>
        </datafield>
        <datafield tag="901" ind1=" " ind2=" ">
            <subfield code="a">60</subfield>
        </datafield>
    </record>