
    <record>
        <leader>01380cam a22003737c 4500</leader>
        <controlfield tag="001">999500366924702202</controlfield>
        <controlfield tag="005">20160115002624.0</controlfield>
        <controlfield tag="007">ta</controlfield>
        <controlfield tag="008">111017s1994 xx#||||j||||||000|u|rus|d</controlfield>
        <datafield tag="014" ind1="1" ind2=" ">
            <subfield code="a">950036692</subfield>
            <subfield code="b">(NO-TrBIB)</subfield>
        </datafield>
        <datafield tag="014" ind1="1" ind2=" ">
            <subfield code="a">950036692</subfield>
            <subfield code="b">(NO-TrBIB)</subfield>
        </datafield>
        <datafield tag="020" ind1=" " ind2=" ">
            <subfield code="a">5050041600</subfield>
        </datafield>
        <datafield tag="035" ind1=" " ind2=" ">
            <subfield code="a">(EXLNZ-47BIBSYS_NETWORK)999500366924702201</subfield>
        </datafield>
        <datafield tag="035" ind1=" " ind2=" ">
            <subfield code="a">(NO-TrBIB)950036692</subfield>
        </datafield>
        <datafield tag="035" ind1=" " ind2=" ">
            <subfield code="a">08tm46826-47bibsys_nb</subfield>
        </datafield>
        <datafield tag="035" ind1=" " ind2=" ">
            <subfield code="a">950036692-47bibsys_network</subfield>
        </datafield>
        <datafield tag="035" ind1=" " ind2=" ">
            <subfield code="a">95ga00569-47bibsys_nb</subfield>
        </datafield>
        <datafield tag="040" ind1=" " ind2=" ">
            <subfield code="a">NO-TrBIB</subfield>
            <subfield code="b">nob</subfield>
            <subfield code="e">katreg</subfield>
        </datafield>
        <datafield tag="041" ind1="1" ind2=" ">
            <subfield code="h">nob</subfield>
            <subfield code="h">eng</subfield>
        </datafield>
        <datafield tag="100" ind1="1" ind2=" ">
            <subfield code="a">Gaarder, Jostein</subfield>
        </datafield>
        <datafield tag="245" ind1="1" ind2="0">
            <subfield code="a">[Froskeslottet</subfield>
            <subfield code="c">Jostein Gaarder]</subfield>
        </datafield>
        <datafield tag="246" ind1="1" ind2=" ">
            <subfield code="a">Froskeslottet</subfield>
            <subfield code="i">Originaltittel</subfield>
        </datafield>
        <datafield tag="260" ind1=" " ind2=" ">
            <subfield code="a">[Moskva</subfield>
            <subfield code="b">Raduga]</subfield>
            <subfield code="c">1994</subfield>
        </datafield>
        <datafield tag="300" ind1=" " ind2=" ">
            <subfield code="a">189 s.</subfield>
            <subfield code="b">ill.</subfield>
        </datafield>
        <datafield tag="500" ind1=" " ind2=" ">
            <subfield code="a">Bundet sammen med &quot;Farmer Giles og Ham&quot; / J.R.R. Tolkien og
                &quot;The golden leg : a book of ghosts and goblins&quot; / Ruth Manning-Sanders i
                russiske oversettelser</subfield>
        </datafield>
        <datafield tag="700" ind1="1" ind2="2">
            <subfield code="a">Manning-Sanders, Ruth</subfield>
            <subfield code="t">The golden leg : a book of ghosts and goblins</subfield>
        </datafield>
        <datafield tag="700" ind1="1" ind2="2">
            <subfield code="a">Tolkien, John Ronald Reuel</subfield>
            <subfield code="t">Farmer Giles of Ham</subfield>
        </datafield>
        <datafield tag="852" ind1="8" ind2=" ">
            <subfield code="b">0030100</subfield>
            <subfield code="c">g00005</subfield>
        </datafield>
        <datafield tag="852" ind1="8" ind2=" ">
            <subfield code="b">0030100</subfield>
            <subfield code="c">g00050</subfield>
            <subfield code="h">ft Gaa</subfield>
            <subfield code="t">1</subfield>
        </datafield>
        <datafield tag="859" ind1=" " ind2=" ">
            <subfield code="a">0030100</subfield>
            <subfield code="b">g00005</subfield>
            <subfield code="f">0</subfield>
            <subfield code="h">3</subfield>
            <subfield code="x">2015-10-31</subfield>
        </datafield>
        <datafield tag="859" ind1=" " ind2=" ">
            <subfield code="a">0030100</subfield>
            <subfield code="b">g00050</subfield>
            <subfield code="c">ft Gaa</subfield>
            <subfield code="f">1</subfield>
            <subfield code="h">0</subfield>
            <subfield code="x">2015-10-31</subfield>
        </datafield>
        <datafield tag="876" ind1=" " ind2=" ">
            <subfield code="a">08tm46826</subfield>
            <subfield code="j">mini</subfield>
            <subfield code="p">08tm46826</subfield>
            <subfield code="r">08tm46826</subfield>
            <subfield code="w">BOOK</subfield>
        </datafield>
        <datafield tag="876" ind1=" " ind2=" ">
            <subfield code="a">95ga00569</subfield>
            <subfield code="j">oppgitt</subfield>
            <subfield code="p">95ga00569</subfield>
            <subfield code="r">95ga00569</subfield>
            <subfield code="w">BOOK</subfield>
            <subfield code="x">He</subfield>
        </datafield>
        <datafield tag="901" ind1=" " ind2=" ">
            <subfield code="a">60</subfield>
        </datafield>
    </record>