
    <record>
        <leader>02639cam a2200601 c 4500</leader>
        <controlfield tag="001">999710769104702202</controlfield>
        <controlfield tag="005">20230401081609.0</controlfield>
        <controlfield tag="007">cr||||||||||||</controlfield>
        <controlfield tag="007">ta</controlfield>
        <controlfield tag="008">150210s1997 no#||||| |||||000|1|nob| </controlfield>
        <datafield tag="014" ind1="1" ind2=" ">
            <subfield code="a">97107691x</subfield>
            <subfield code="b">(NO-TrBIB)</subfield>
        </datafield>
        <datafield tag="014" ind1="1" ind2=" ">
            <subfield code="a">97107691x</subfield>
            <subfield code="b">(NO-TrBIB)</subfield>
        </datafield>
        <datafield tag="015" ind1=" " ind2=" ">
            <subfield code="a">9708385</subfield>
            <subfield code="2">nbf</subfield>
        </datafield>
        <datafield tag="020" ind1=" " ind2=" ">
            <subfield code="a">8210042068</subfield>
            <subfield code="q">ib.</subfield>
            <subfield code="c">Nkr 128.00</subfield>
        </datafield>
        <datafield tag="035" ind1=" " ind2=" ">
            <subfield code="a">(EXLNZ-47BIBSYS_NETWORK)999710769104702201</subfield>
        </datafield>
        <datafield tag="035" ind1=" " ind2=" ">
            <subfield code="a">(NO-TrBIB)101271360</subfield>
        </datafield>
        <datafield tag="035" ind1=" " ind2=" ">
            <subfield code="a">(NO-TrBIB)97107691x</subfield>
        </datafield>
        <datafield tag="035" ind1=" " ind2=" ">
            <subfield code="a">97107691x-47bibsys_network</subfield>
        </datafield>
        <datafield tag="035" ind1=" " ind2=" ">
            <subfield code="a">97ga07596-47bibsys_nb</subfield>
        </datafield>
        <datafield tag="035" ind1=" " ind2=" ">
            <subfield code="a">97sa07672-47bibsys_nb</subfield>
        </datafield>
        <datafield tag="040" ind1=" " ind2=" ">
            <subfield code="a">NO-OsNB</subfield>
            <subfield code="b">nob</subfield>
            <subfield code="e">katreg</subfield>
        </datafield>
        <datafield tag="041" ind1="1" ind2=" ">
            <subfield code="h">eng</subfield>
        </datafield>
        <datafield tag="042" ind1=" " ind2=" ">
            <subfield code="a">norbibl</subfield>
        </datafield>
        <datafield tag="044" ind1=" " ind2=" ">
            <subfield code="c">no</subfield>
        </datafield>
        <datafield tag="082" ind1="7" ind2="4">
            <subfield code="a">823</subfield>
            <subfield code="q">NO-OsNB</subfield>
            <subfield code="2">4/nor</subfield>
        </datafield>
        <datafield tag="100" ind1="1" ind2=" ">
            <subfield code="a">Tolkien, J.R.R.</subfield>
            <subfield code="d">1892-1973</subfield>
            <subfield code="0">(NO-TrBIB)90056310</subfield>
        </datafield>
        <datafield tag="245" ind1="1" ind2="0">
            <subfield code="a">Silmarillion</subfield>
            <subfield code="c">J.R.R. Tolkien ; bearbeidet for utgivelse av Christopher Tolkien ;
                oversatt av Nils Ivar Agøy</subfield>
        </datafield>
        <datafield tag="246" ind1="1" ind2=" ">
            <subfield code="a">The Silmarillion</subfield>
            <subfield code="i">Originaltittel</subfield>
        </datafield>
        <datafield tag="260" ind1=" " ind2=" ">
            <subfield code="a">[Oslo]</subfield>
            <subfield code="b">Tiden</subfield>
            <subfield code="c">1997</subfield>
        </datafield>
        <datafield tag="300" ind1=" " ind2=" ">
            <subfield code="a">374 s.</subfield>
        </datafield>
        <datafield tag="490" ind1="1" ind2=" ">
            <subfield code="a">Tidens maxiutgave</subfield>
        </datafield>
        <datafield tag="500" ind1=" " ind2=" ">
            <subfield code="a">1. norske utg. 1994</subfield>
        </datafield>
        <datafield tag="533" ind1=" " ind2=" ">
            <subfield code="a">Elektronisk reproduksjon</subfield>
            <subfield code="b">[Norge]</subfield>
            <subfield code="c">Nasjonalbiblioteket Digital</subfield>
            <subfield code="d">2010-06-13</subfield>
        </datafield>
        <datafield tag="655" ind1=" " ind2="4">
            <subfield code="a">Fantasy</subfield>
        </datafield>
        <datafield tag="700" ind1="1" ind2=" ">
            <subfield code="a">Agøy, Nils Ivar</subfield>
            <subfield code="4">trl</subfield>
        </datafield>
        <datafield tag="700" ind1="1" ind2=" ">
            <subfield code="a">Tolkien, Christopher</subfield>
            <subfield code="d">1924-2020</subfield>
            <subfield code="e">red.</subfield>
            <subfield code="0">(NO-TrBIB)90056309</subfield>
        </datafield>
        <datafield tag="830" ind1=" " ind2="0">
            <subfield code="a">Tidens maxiutgave</subfield>
        </datafield>
        <datafield tag="852" ind1="8" ind2=" ">
            <subfield code="b">0030100</subfield>
            <subfield code="c">g00005</subfield>
            <subfield code="h">NA/A 1997:3087</subfield>
        </datafield>
        <datafield tag="852" ind1="8" ind2=" ">
            <subfield code="b">0183334</subfield>
            <subfield code="c">g00001</subfield>
        </datafield>
        <datafield tag="856" ind1="4" ind2="0">
            <subfield code="3"/>
            <subfield code="y">NB Digital</subfield>
            <subfield code="u">http://urn.nb.no/URN:NBN:no-nb_digibok_2010052503042</subfield>
            <subfield code="z"/>
        </datafield>
        <datafield tag="856" ind1="4" ind2="0">
            <subfield code="3"/>
            <subfield code="y">NB Digital</subfield>
            <subfield code="u">http://urn.nb.no/URN:NBN:no-nb_digibok_2010072308061</subfield>
            <subfield code="z"/>
        </datafield>
        <datafield tag="856" ind1="4" ind2="1">
            <subfield code="3">Fulltekst</subfield>
            <subfield code="u">https://urn.nb.no/URN:NBN:no-nb_digibok_2010072308061</subfield>
            <subfield code="y">Nettbiblioteket</subfield>
            <subfield code="z">Digital representasjon</subfield>
        </datafield>
        <datafield tag="856" ind1="4" ind2="2">
            <subfield code="3">Forlagets beskrivelse (kort)</subfield>
            <subfield code="u">https://contents.bibs.aws.unit.no/?isbn=8210042068</subfield>
        </datafield>
        <datafield tag="856" ind1="4" ind2="2">
            <subfield code="3">Forlagets beskrivelse (lang)</subfield>
            <subfield code="u"
                >https://contents.bibs.aws.unit.no/content/?isbn=9788210042065</subfield>
        </datafield>
        <datafield tag="856" ind1="4" ind2="2">
            <subfield code="3">Miniatyrbilde</subfield>
            <subfield code="u"
                >https://contents.bibs.aws.unit.no/files/images/small/5/6/9788210042065.jpg</subfield>
            <subfield code="q">image/jpeg</subfield>
        </datafield>
        <datafield tag="856" ind1="4" ind2="2">
            <subfield code="3">Omslagsbilde</subfield>
            <subfield code="u"
                >https://contents.bibs.aws.unit.no/files/images/large/5/6/9788210042065.jpg</subfield>
            <subfield code="q">image/jpeg</subfield>
        </datafield>
        <datafield tag="856" ind1="4" ind2="2">
            <subfield code="3">Originalt bilde</subfield>
            <subfield code="u"
                >https://contents.bibs.aws.unit.no/files/images/original/5/6/9788210042065.jpg</subfield>
            <subfield code="q">image/jpeg</subfield>
        </datafield>
        <datafield tag="859" ind1=" " ind2=" ">
            <subfield code="a">0030100</subfield>
            <subfield code="b">g00005</subfield>
            <subfield code="c">NA/A 1997:3087</subfield>
            <subfield code="f">0</subfield>
            <subfield code="h">0</subfield>
            <subfield code="x">2015-10-31</subfield>
        </datafield>
        <datafield tag="859" ind1=" " ind2=" ">
            <subfield code="a">0183334</subfield>
            <subfield code="b">g00001</subfield>
            <subfield code="f">0</subfield>
            <subfield code="h">0</subfield>
            <subfield code="x">2015-10-31</subfield>
        </datafield>
        <datafield tag="876" ind1=" " ind2=" ">
            <subfield code="a">97ga07596</subfield>
            <subfield code="d">19970521</subfield>
            <subfield code="j">kat</subfield>
            <subfield code="p">97ga07596</subfield>
            <subfield code="r">97ga07596</subfield>
            <subfield code="w">BOOK</subfield>
            <subfield code="z">(ib.) (Til bruk på NB Oslos lesesal)</subfield>
        </datafield>
        <datafield tag="876" ind1=" " ind2=" ">
            <subfield code="a">97sa07672</subfield>
            <subfield code="d">19970507</subfield>
            <subfield code="j">kat</subfield>
            <subfield code="p">97sa07672</subfield>
            <subfield code="r">97sa07672</subfield>
            <subfield code="w">BOOK</subfield>
            <subfield code="z">(Sikringseksemplar.)</subfield>
        </datafield>
        <datafield tag="901" ind1=" " ind2=" ">
            <subfield code="a">90</subfield>
        </datafield>
        <datafield tag="913" ind1=" " ind2=" ">
            <subfield code="a">Norbok</subfield>
            <subfield code="b">NB</subfield>
        </datafield>
    </record>