
    <record>
        <leader>02172cgm a2200505 c 4500</leader>
        <controlfield tag="001">999919980873302202</controlfield>
        <controlfield tag="005">20210422142029.0</controlfield>
        <controlfield tag="007">vd#|v||||</controlfield>
        <controlfield tag="008">150611s2003 xx ||||||||||| v|eng|d</controlfield>
        <datafield tag="024" ind1="3" ind2="0">
            <subfield code="a">7036988005495</subfield>
        </datafield>
        <datafield tag="035" ind1=" " ind2=" ">
            <subfield code="a">(EXLNZ-47BIBSYS_NETWORK)990311198754702201</subfield>
        </datafield>
        <datafield tag="035" ind1=" " ind2=" ">
            <subfield code="a">(FHS-SK)P11442</subfield>
        </datafield>
        <datafield tag="035" ind1=" " ind2=" ">
            <subfield code="a">(NO-TrBIB)031119875</subfield>
        </datafield>
        <datafield tag="035" ind1=" " ind2=" ">
            <subfield code="a">031119875-47bibsys_network</subfield>
        </datafield>
        <datafield tag="040" ind1=" " ind2=" ">
            <subfield code="a">NO-TrBIB</subfield>
            <subfield code="b">nob</subfield>
            <subfield code="e">katreg</subfield>
        </datafield>
        <datafield tag="041" ind1=" " ind2=" ">
            <subfield code="a">eng</subfield>
            <subfield code="j">nob</subfield>
            <subfield code="j">swe</subfield>
            <subfield code="j">dan</subfield>
            <subfield code="j">fin</subfield>
            <subfield code="j">ice</subfield>
            <subfield code="j">eng</subfield>
        </datafield>
        <datafield tag="245" ind1="0" ind2="0">
            <subfield code="a">Ringenes herre :</subfield>
            <subfield code="b">to tårn</subfield>
            <subfield code="c">directed by Peter Jackson</subfield>
            <subfield code="h">[videoopptak]</subfield>
        </datafield>
        <datafield tag="246" ind1="1" ind2=" ">
            <subfield code="a">The Lord of the rings :</subfield>
            <subfield code="b">the two towers</subfield>
            <subfield code="i">Originaltittel</subfield>
        </datafield>
        <datafield tag="260" ind1=" " ind2=" ">
            <subfield code="a">Oslo</subfield>
            <subfield code="b">SF Norge</subfield>
            <subfield code="c">[2003]</subfield>
        </datafield>
        <datafield tag="300" ind1=" " ind2=" ">
            <subfield code="a">2 plater (DVD-video) i 1 omslag (179 min)</subfield>
            <subfield code="b">lyd, kol.</subfield>
            <subfield code="e">1 teksthefte</subfield>
        </datafield>
        <datafield tag="500" ind1=" " ind2=" ">
            <subfield code="a">Basert på: RIngenes herre : To tårn / J.R.R. Tolkien</subfield>
        </datafield>
        <datafield tag="500" ind1=" " ind2=" ">
            <subfield code="a">Ekstramateriell: Filmdokumentasjon, musikkvideo m.m.</subfield>
        </datafield>
        <datafield tag="500" ind1=" " ind2=" ">
            <subfield code="a">Engelsk tale, norske undertekster valgbare</subfield>
        </datafield>
        <datafield tag="500" ind1=" " ind2=" ">
            <subfield code="a">Eventyr</subfield>
        </datafield>
        <datafield tag="500" ind1=" " ind2=" ">
            <subfield code="a">Kodet for region 2. Widescreen.</subfield>
        </datafield>
        <datafield tag="500" ind1=" " ind2=" ">
            <subfield code="a">Produksjon: USA : New Line Cinema, 2002.</subfield>
        </datafield>
        <datafield tag="500" ind1=" " ind2=" ">
            <subfield code="a">Statens filmtilsyn : 32135</subfield>
        </datafield>
        <datafield tag="511" ind1="1" ind2=" ">
            <subfield code="a">Elijah Wood, Ian McKellen, Liv Tyler, Viggo Mortensen, Sean Astin,
                Cate Blanchett, John Rhys-Davies, Christopher Lee m.fl.</subfield>
        </datafield>
        <datafield tag="521" ind1=" " ind2=" ">
            <subfield code="a">Aldersgrense 11 år</subfield>
        </datafield>
        <datafield tag="653" ind1=" " ind2=" ">
            <subfield code="a">fantasi</subfield>
            <subfield code="a">amerikanske</subfield>
            <subfield code="a">spillefilmer</subfield>
            <subfield code="a">2000-tallet</subfield>
            <subfield code="a">fantasy</subfield>
            <subfield code="a">eventyr</subfield>
            <subfield code="a">dvd</subfield>
        </datafield>
        <datafield tag="700" ind1="1" ind2=" ">
            <subfield code="a">Astin, Sean</subfield>
            <subfield code="0">(NO-TrBIB)3087762</subfield>
            <subfield code="4">act</subfield>
        </datafield>
        <datafield tag="700" ind1="1" ind2=" ">
            <subfield code="a">Blanchett, Cate</subfield>
            <subfield code="d">1969-</subfield>
            <subfield code="0">(NO-TrBIB)1096357</subfield>
            <subfield code="4">act</subfield>
        </datafield>
        <datafield tag="700" ind1="1" ind2=" ">
            <subfield code="a">Bloom, Orlando</subfield>
            <subfield code="d">1977-</subfield>
            <subfield code="0">(NO-TrBIB)3087757</subfield>
            <subfield code="4">act</subfield>
        </datafield>
        <datafield tag="700" ind1="1" ind2=" ">
            <subfield code="a">Davies, John Rhys</subfield>
            <subfield code="0">(NO-TrBIB)98055634</subfield>
            <subfield code="4">act</subfield>
        </datafield>
        <datafield tag="700" ind1="1" ind2=" ">
            <subfield code="a">Jackson, Peter,</subfield>
            <subfield code="d">1961-</subfield>
            <subfield code="0">(NO-TrBIB)2087019</subfield>
            <subfield code="4">drt</subfield>
        </datafield>
        <datafield tag="700" ind1="1" ind2=" ">
            <subfield code="a">Lee, Christopher</subfield>
            <subfield code="d">1922-2015</subfield>
            <subfield code="0">(NO-TrBIB)90863316</subfield>
            <subfield code="4">act</subfield>
        </datafield>
        <datafield tag="700" ind1="1" ind2=" ">
            <subfield code="a">McKellen, Ian</subfield>
            <subfield code="d">1939-</subfield>
            <subfield code="0">(NO-TrBIB)90943418</subfield>
            <subfield code="4">act</subfield>
        </datafield>
        <datafield tag="700" ind1="1" ind2=" ">
            <subfield code="a">Mortensen, Viggo</subfield>
            <subfield code="d">1958-</subfield>
            <subfield code="0">(NO-TrBIB)90257820</subfield>
            <subfield code="4">act</subfield>
        </datafield>
        <datafield tag="700" ind1="1" ind2=" ">
            <subfield code="a">Tolkien, J.R.R.</subfield>
            <subfield code="d">1892-1973</subfield>
            <subfield code="t">The lord of the rings : Two towers</subfield>
            <subfield code="0">(NO-TrBIB)90056310</subfield>
        </datafield>
        <datafield tag="700" ind1="1" ind2=" ">
            <subfield code="a">Tyler, Liv</subfield>
            <subfield code="d">1977-</subfield>
            <subfield code="0">(NO-TrBIB)90945402</subfield>
            <subfield code="4">act</subfield>
        </datafield>
        <datafield tag="700" ind1="1" ind2=" ">
            <subfield code="a">Wood, Elijah</subfield>
            <subfield code="d">1981-</subfield>
            <subfield code="0">(NO-TrBIB)3018546</subfield>
            <subfield code="4">act</subfield>
        </datafield>
        <datafield tag="740" ind1="0" ind2=" ">
            <subfield code="a">2 tårn</subfield>
        </datafield>
        <datafield tag="740" ind1="0" ind2=" ">
            <subfield code="a">To tårn</subfield>
        </datafield>
        <datafield tag="740" ind1="4" ind2=" ">
            <subfield code="a">The two towers</subfield>
        </datafield>
        <datafield tag="901" ind1=" " ind2=" ">
            <subfield code="a">80</subfield>
        </datafield>
    </record>