
    <record>
        <leader>01944cgm a2200421 c 4500</leader>
        <controlfield tag="001">999919980873402202</controlfield>
        <controlfield tag="005">20160519155502.0</controlfield>
        <controlfield tag="007">vd |v||||</controlfield>
        <controlfield tag="008">150611s2002 xx#|||||||||||####v|eng|d</controlfield>
        <datafield tag="035" ind1=" " ind2=" ">
            <subfield code="a">(EXLNZ-47BIBSYS_NETWORK)990219540464702201</subfield>
        </datafield>
        <datafield tag="035" ind1=" " ind2=" ">
            <subfield code="a">(FHS-SK)P11441</subfield>
        </datafield>
        <datafield tag="035" ind1=" " ind2=" ">
            <subfield code="a">(NO-TrBIB)021954046</subfield>
        </datafield>
        <datafield tag="035" ind1=" " ind2=" ">
            <subfield code="a">021954046-47bibsys_network</subfield>
        </datafield>
        <datafield tag="040" ind1=" " ind2=" ">
            <subfield code="a">NO-TrBIB</subfield>
            <subfield code="b">nob</subfield>
            <subfield code="e">katreg</subfield>
        </datafield>
        <datafield tag="245" ind1="0" ind2="0">
            <subfield code="a">Ringenes herre :</subfield>
            <subfield code="b">ringens brorskap</subfield>
            <subfield code="c">directed by Peter Jackson ; producers: Barrie M. Osborne ... [et
                al.]</subfield>
            <subfield code="h">[videoopptak]</subfield>
        </datafield>
        <datafield tag="246" ind1="1" ind2=" ">
            <subfield code="a">The Lord of the rings</subfield>
            <subfield code="b">the fellowship of the ring</subfield>
            <subfield code="i">Originaltittel</subfield>
        </datafield>
        <datafield tag="260" ind1=" " ind2=" ">
            <subfield code="a">Oslo</subfield>
            <subfield code="b">SF Norge</subfield>
            <subfield code="c">c2002</subfield>
        </datafield>
        <datafield tag="300" ind1=" " ind2=" ">
            <subfield code="a">2 videoplater (DVD) i 1 omslag (2 t, 51 min.)</subfield>
            <subfield code="b">lyd, kol.</subfield>
        </datafield>
        <datafield tag="500" ind1=" " ind2=" ">
            <subfield code="a">Bygger på Tolkiens bok nr 1. Engelsk tale, norske tekster
                valgbare.</subfield>
        </datafield>
        <datafield tag="500" ind1=" " ind2=" ">
            <subfield code="a">Ekstramateriell: Spill, musikkvideo. Widescreen. Kodet for region
                2</subfield>
        </datafield>
        <datafield tag="500" ind1=" " ind2=" ">
            <subfield code="a">Produksjon: USA : New Line Cinema, 2001. Musikk: Howard
                Shore</subfield>
        </datafield>
        <datafield tag="500" ind1=" " ind2=" ">
            <subfield code="a">Rolleliste: Elijah Wood, Ian McKellen, Liv Tyler, Viggo Mortensen,
                Sean Astin, Cate Blanchett, John Rhys-Davies, Christopher Lee et al.</subfield>
        </datafield>
        <datafield tag="500" ind1=" " ind2=" ">
            <subfield code="a">Statens filmtilsyn : 21428</subfield>
        </datafield>
        <datafield tag="653" ind1=" " ind2=" ">
            <subfield code="a">fantasi</subfield>
            <subfield code="a">amerikanske</subfield>
            <subfield code="a">spillefilmer</subfield>
            <subfield code="a">2000-tallet</subfield>
            <subfield code="a">eventyr</subfield>
            <subfield code="a">dvd</subfield>
            <subfield code="a">spelefilmar</subfield>
        </datafield>
        <datafield tag="700" ind1="1" ind2=" ">
            <subfield code="a">Astin, Sean</subfield>
            <subfield code="0">(NO-TrBIB)3087762</subfield>
        </datafield>
        <datafield tag="700" ind1="1" ind2=" ">
            <subfield code="a">Blanchett, Cate</subfield>
            <subfield code="d">1969-</subfield>
            <subfield code="0">(NO-TrBIB)1096357</subfield>
        </datafield>
        <datafield tag="700" ind1="1" ind2=" ">
            <subfield code="a">Jackson, Peter,</subfield>
            <subfield code="d">1961-</subfield>
            <subfield code="0">(NO-TrBIB)2087019</subfield>
        </datafield>
        <datafield tag="700" ind1="1" ind2=" ">
            <subfield code="a">Lee, Christopher</subfield>
            <subfield code="d">1922-2015</subfield>
            <subfield code="0">(NO-TrBIB)90863316</subfield>
        </datafield>
        <datafield tag="700" ind1="1" ind2=" ">
            <subfield code="a">McKellen, Ian</subfield>
            <subfield code="d">1939-</subfield>
            <subfield code="0">(NO-TrBIB)90943418</subfield>
        </datafield>
        <datafield tag="700" ind1="1" ind2=" ">
            <subfield code="a">Mortensen, Viggo</subfield>
            <subfield code="d">1958-</subfield>
            <subfield code="0">(NO-TrBIB)90257820</subfield>
        </datafield>
        <datafield tag="700" ind1="1" ind2=" ">
            <subfield code="a">Rhys-Davies, John</subfield>
            <subfield code="0">(NO-TrBIB)3109345</subfield>
        </datafield>
        <datafield tag="700" ind1="1" ind2=" ">
            <subfield code="a">Shore, Howard</subfield>
            <subfield code="0">(NO-TrBIB)3109350</subfield>
        </datafield>
        <datafield tag="700" ind1="1" ind2=" ">
            <subfield code="a">Tolkien, J.R.R.</subfield>
            <subfield code="d">1892-1973</subfield>
            <subfield code="0">(NO-TrBIB)90056310</subfield>
        </datafield>
        <datafield tag="700" ind1="1" ind2=" ">
            <subfield code="a">Tyler, Liv</subfield>
            <subfield code="d">1977-</subfield>
            <subfield code="0">(NO-TrBIB)90945402</subfield>
        </datafield>
        <datafield tag="700" ind1="1" ind2=" ">
            <subfield code="a">Wood, Elijah</subfield>
            <subfield code="d">1981-</subfield>
            <subfield code="0">(NO-TrBIB)3018546</subfield>
        </datafield>
        <datafield tag="740" ind1="0" ind2=" ">
            <subfield code="a">Ringens brorskap</subfield>
        </datafield>
        <datafield tag="740" ind1="4" ind2=" ">
            <subfield code="a">The fellowship of the ring</subfield>
        </datafield>
        <datafield tag="901" ind1=" " ind2=" ">
            <subfield code="a">80</subfield>
        </datafield>
    </record>