
    <record>
        <leader>01453nja a2200301 c 4500</leader>
        <controlfield tag="001">999920013268502202</controlfield>
        <controlfield tag="005">20190919123959.0</controlfield>
        <controlfield tag="007">sd#b||||||||||</controlfield>
        <controlfield tag="008">190919s2018 no ||||| | |eng| </controlfield>
        <datafield tag="035" ind1=" " ind2=" ">
            <subfield code="a">(EXLNZ-47BIBSYS_NETWORK)999920914643102201</subfield>
        </datafield>
        <datafield tag="040" ind1=" " ind2=" ">
            <subfield code="a">NO-OsNB</subfield>
            <subfield code="b">nob</subfield>
            <subfield code="e">rda</subfield>
        </datafield>
        <datafield tag="100" ind1=" " ind2=" ">
            <subfield code="a">Dahl, Freddy</subfield>
            <subfield code="d">1952-</subfield>
            <subfield code="0">(NO-TrBIB)2061514</subfield>
            <subfield code="4">cmp</subfield>
            <subfield code="4">mus</subfield>
        </datafield>
        <datafield tag="245" ind1="1" ind2="0">
            <subfield code="a">Sit beside the fire</subfield>
            <subfield code="c">lyrics: J.R.R. Tolkien ; music: Freddy Dahl</subfield>
        </datafield>
        <datafield tag="300" ind1=" " ind2=" ">
            <subfield code="a">8 min, 41 sek</subfield>
        </datafield>
        <datafield tag="336" ind1=" " ind2=" ">
            <subfield code="a">framført musikk</subfield>
            <subfield code="0">http://rdaregistry.info/termList/RDAContentType/1011</subfield>
            <subfield code="2">rdaco</subfield>
        </datafield>
        <datafield tag="337" ind1=" " ind2=" ">
            <subfield code="a">lydmedier</subfield>
            <subfield code="0">http://rdaregistry.info/termList/RDAMediaType/1001</subfield>
            <subfield code="2">rdamt</subfield>
        </datafield>
        <datafield tag="338" ind1=" " ind2=" ">
            <subfield code="a">lydplate</subfield>
            <subfield code="0">http://rdaregistry.info/termList/RDACarrierType/1004</subfield>
            <subfield code="2">rdact</subfield>
        </datafield>
        <datafield tag="511" ind1="0" ind2=" ">
            <subfield code="a">Saluki (Freddy Dahl; Peter Alois Symington; Kjell Rønningen; Ginn
                Jahr; Trond Tufte; Gunnar Berg-Nielsen)</subfield>
        </datafield>
        <datafield tag="700" ind1="1" ind2=" ">
            <subfield code="a">Berg-Nielsen, Gunnar</subfield>
            <subfield code="d">1957-</subfield>
            <subfield code="0">(NO-TrBIB)1064538</subfield>
            <subfield code="4">mus</subfield>
        </datafield>
        <datafield tag="700" ind1="1" ind2=" ">
            <subfield code="a">Jahr, Ginn</subfield>
            <subfield code="d">1954-</subfield>
            <subfield code="0">(NO-TrBIB)9017171</subfield>
            <subfield code="4">mus</subfield>
        </datafield>
        <datafield tag="700" ind1="1" ind2=" ">
            <subfield code="a">Rønningen, Kjell</subfield>
            <subfield code="d">1957-</subfield>
            <subfield code="0">(NO-TrBIB)99063221</subfield>
            <subfield code="4">mus</subfield>
        </datafield>
        <datafield tag="700" ind1="1" ind2=" ">
            <subfield code="a">Symington, Peter Alois</subfield>
            <subfield code="d">1953-</subfield>
            <subfield code="0">(NO-TrBIB)1542227319634</subfield>
            <subfield code="4">mus</subfield>
        </datafield>
        <datafield tag="700" ind1="1" ind2=" ">
            <subfield code="a">Tolkien, J.R.R.</subfield>
            <subfield code="d">1892-1973</subfield>
            <subfield code="0">(NO-TrBIB)90056310</subfield>
            <subfield code="4">aut</subfield>
        </datafield>
        <datafield tag="700" ind1="1" ind2=" ">
            <subfield code="a">Tufte, Trond</subfield>
            <subfield code="d">1955-</subfield>
            <subfield code="0">(NO-TrBIB)1542227319656</subfield>
            <subfield code="4">mus</subfield>
        </datafield>
        <datafield tag="710" ind1="2" ind2=" ">
            <subfield code="a">Saluki (musikkgruppe)</subfield>
            <subfield code="0">(NO-TrBIB)11027048</subfield>
            <subfield code="4">mus</subfield>
        </datafield>
        <datafield tag="773" ind1="0" ind2=" ">
            <subfield code="a">Saluki (musikkgruppe)</subfield>
            <subfield code="t">Amazing games</subfield>
            <subfield code="d">Bergen : Apollon Records, 2018</subfield>
            <subfield code="g">B:3</subfield>
            <subfield code="w">999920816072702201</subfield>
        </datafield>
        <datafield tag="913" ind1=" " ind2=" ">
            <subfield code="a">Nordisko</subfield>
            <subfield code="b">NB</subfield>
        </datafield>
        <datafield tag="999" ind1=" " ind2=" ">
            <subfield code="a">CP</subfield>
            <subfield code="9">local</subfield>
        </datafield>
    </record>