
    <record>
        <leader>04591cjm a2201081 c 4500</leader>
        <controlfield tag="001">999920073971702202</controlfield>
        <controlfield tag="005">20130808211053.0</controlfield>
        <controlfield tag="007">sd f||||||||||</controlfield>
        <controlfield tag="008">130808s1993 xx#|||| ||||||||||||und|d</controlfield>
        <datafield tag="015" ind1=" " ind2=" ">
            <subfield code="a">9300293</subfield>
            <subfield code="2">nbf</subfield>
        </datafield>
        <datafield tag="028" ind1="0" ind2="3">
            <subfield code="a">519 118-2</subfield>
        </datafield>
        <datafield tag="035" ind1=" " ind2=" ">
            <subfield code="a">(EXLNZ-47BIBSYS_NETWORK)990109923674702201</subfield>
        </datafield>
        <datafield tag="035" ind1=" " ind2=" ">
            <subfield code="a">(NO-OsNB)9300081nln</subfield>
        </datafield>
        <datafield tag="035" ind1=" " ind2=" ">
            <subfield code="a">(NO-TrBIB)010992367</subfield>
        </datafield>
        <datafield tag="035" ind1=" " ind2=" ">
            <subfield code="a">010992367-47bibsys_network</subfield>
        </datafield>
        <datafield tag="040" ind1=" " ind2=" ">
            <subfield code="a">NO-TrBIB</subfield>
            <subfield code="b">nob</subfield>
            <subfield code="e">katreg</subfield>
        </datafield>
        <datafield tag="100" ind1="1" ind2=" ">
            <subfield code="a">Kalvik, Finn</subfield>
            <subfield code="d">1947-</subfield>
            <subfield code="0">(NO-TrBIB)90060908</subfield>
        </datafield>
        <datafield tag="245" ind1="1" ind2="0">
            <subfield code="a">Fra A til Nå :</subfield>
            <subfield code="b">40 beste</subfield>
            <subfield code="h">[lydopptak]</subfield>
        </datafield>
        <datafield tag="260" ind1=" " ind2=" ">
            <subfield code="a">Oslo</subfield>
            <subfield code="b">PolyGram</subfield>
            <subfield code="c">1993</subfield>
        </datafield>
        <datafield tag="300" ind1=" " ind2=" ">
            <subfield code="a">2 kompaktplater</subfield>
        </datafield>
        <datafield tag="380" ind1=" " ind2=" ">
            <subfield code="a">Popmusikk</subfield>
            <subfield code="2">emnmus</subfield>
        </datafield>
        <datafield tag="500" ind1=" " ind2=" ">
            <subfield code="a">Finn Kalvik, sang og gitar</subfield>
        </datafield>
        <datafield tag="500" ind1=" " ind2=" ">
            <subfield code="a">Finnes også på MC</subfield>
        </datafield>
        <datafield tag="500" ind1=" " ind2=" ">
            <subfield code="a">Polydor: 519 118-2</subfield>
        </datafield>
        <datafield tag="500" ind1=" " ind2=" ">
            <subfield code="a">Utvalg fra tidligere innspillinger</subfield>
        </datafield>
        <datafield tag="505" ind1="8" ind2=" ">
            <subfield code="a">Innhold: Finne meg sjæl / F. Kalvik. Lille vackre Anna / trad. Fyll
                mine seil ; Aldri i livet ; Mang en søvnløs natt / F. Kalvik. Lillesøster / Håkon
                Graf, F. Kalvik. En tur rundt i byen (Streets of London) / Ralph MacTell ; F.
                Kalvik. Rotløs ; Liten oppsummering / F. Kalvik. To tunger / F. Kalvik ; Inger
                Hagerup. Kom ut kom fram ; Livets lyse side / F. Kalvik. Elva (The river) / John
                Martyn ; F. Kalvik. I sommernattens stillhet / F. Kalvik. Lille Persille / F. Kalvik
                ; I. Hagerup. Kom og ligg inntil meg/ F. Kalvik. Du er som vinden (Catch the wind)/
                Donovan Leitch ; F. Kalvik. Natt og dag / F. Kalvik. Ved peisen / F. Kalvik ; J.R.R.
                Tolkien. Tenn dine vakre øyne ; På flukt ; Fred og frihet / F. Kalvik. Måken / F.
                Kalvik ; André Bjerke. Den svalande vind / trad. ; F. Kalvik. Bokseren (The boxer) /
                Paul Simon ; F. Kalvik. Livet og leken ; Mot ukjente farvann (Den siste viking) ;
                Vredens dag ; Samfunnshus blues / F. Kalvik. Alle som blir igjen (A song for Guy) /
                Elton John ; F. Kalvik. Berceuse / F. Kalvik ; A. Bjerke. Sommerøya / F. Kalvik ; I.
                Hagerup. Velkommen - farvel / F. Kalvik ; Ted Gärdestad. Normann Andersen ; Malene ;
                Feriebrev / F. Kalvik. Fredløs (The highwayman) / Jim Webb ; F. Kalvik. Ride ranke
                (Cats in the cradle) / Harry Chapin ; F. Kalvik. Barndommens jul / F. Kalvik. Jeg
                har finni meg sjæl / Øystein Sunde</subfield>
        </datafield>
        <datafield tag="700" ind1="1" ind2=" ">
            <subfield code="a">Bjerke, André</subfield>
            <subfield code="d">1918-1985</subfield>
            <subfield code="0">(NO-TrBIB)90060945</subfield>
        </datafield>
        <datafield tag="700" ind1="1" ind2=" ">
            <subfield code="a">Chapin, Harry</subfield>
            <subfield code="d">1942-</subfield>
            <subfield code="0">(NO-TrBIB)45663</subfield>
        </datafield>
        <datafield tag="700" ind1="1" ind2=" ">
            <subfield code="a">Gärdestad, Ted</subfield>
            <subfield code="d">1956-1997</subfield>
            <subfield code="0">(NO-TrBIB)3077374</subfield>
        </datafield>
        <datafield tag="700" ind1="1" ind2=" ">
            <subfield code="a">Graf, Håkon</subfield>
            <subfield code="d">1955-</subfield>
            <subfield code="0">(NO-TrBIB)5002521</subfield>
        </datafield>
        <datafield tag="700" ind1="1" ind2=" ">
            <subfield code="a">Hagerup, Inger</subfield>
            <subfield code="d">1905-1985</subfield>
            <subfield code="0">(NO-TrBIB)90534304</subfield>
        </datafield>
        <datafield tag="700" ind1="1" ind2=" ">
            <subfield code="a">John, Elton</subfield>
            <subfield code="d">1947-</subfield>
            <subfield code="0">(NO-TrBIB)98006514</subfield>
        </datafield>
        <datafield tag="700" ind1="1" ind2=" ">
            <subfield code="a">Leitch, Donovan</subfield>
            <subfield code="d">1968-</subfield>
            <subfield code="0">(NO-TrBIB)6020441</subfield>
        </datafield>
        <datafield tag="700" ind1="1" ind2=" ">
            <subfield code="a">Martyn, John</subfield>
            <subfield code="d">1948-2009</subfield>
            <subfield code="0">(NO-TrBIB)1025285</subfield>
        </datafield>
        <datafield tag="700" ind1="1" ind2=" ">
            <subfield code="a">McTell, Ralph</subfield>
            <subfield code="d">1944-</subfield>
            <subfield code="0">(NO-TrBIB)99028327</subfield>
        </datafield>
        <datafield tag="700" ind1="1" ind2=" ">
            <subfield code="a">Simon, Paul</subfield>
        </datafield>
        <datafield tag="700" ind1="1" ind2=" ">
            <subfield code="a">Sunde, Øystein</subfield>
            <subfield code="d">1947-</subfield>
            <subfield code="0">(NO-TrBIB)18520</subfield>
        </datafield>
        <datafield tag="700" ind1="1" ind2=" ">
            <subfield code="a">Tolkien, J.R.R.</subfield>
            <subfield code="d">1892-1973</subfield>
            <subfield code="0">(NO-TrBIB)90056310</subfield>
        </datafield>
        <datafield tag="700" ind1="1" ind2=" ">
            <subfield code="a">Webb, Jimmy</subfield>
            <subfield code="d">1946-</subfield>
            <subfield code="0">(NO-TrBIB)3052872</subfield>
        </datafield>
        <datafield tag="740" ind1="0" ind2=" ">
            <subfield code="a">2 tunger</subfield>
        </datafield>
        <datafield tag="740" ind1="0" ind2=" ">
            <subfield code="a">Aldri i livet</subfield>
        </datafield>
        <datafield tag="740" ind1="0" ind2=" ">
            <subfield code="a">Alle som blir igjen</subfield>
        </datafield>
        <datafield tag="740" ind1="0" ind2=" ">
            <subfield code="a">Barndommens jul</subfield>
        </datafield>
        <datafield tag="740" ind1="0" ind2=" ">
            <subfield code="a">Berceuse</subfield>
        </datafield>
        <datafield tag="740" ind1="0" ind2=" ">
            <subfield code="a">Bokseren</subfield>
        </datafield>
        <datafield tag="740" ind1="0" ind2=" ">
            <subfield code="a">Catch the wind</subfield>
        </datafield>
        <datafield tag="740" ind1="0" ind2=" ">
            <subfield code="a">Cats in the cradle</subfield>
        </datafield>
        <datafield tag="740" ind1="0" ind2=" ">
            <subfield code="a">Du er som vinden</subfield>
        </datafield>
        <datafield tag="740" ind1="0" ind2=" ">
            <subfield code="a">Elva</subfield>
        </datafield>
        <datafield tag="740" ind1="0" ind2=" ">
            <subfield code="a">Feriebrev</subfield>
        </datafield>
        <datafield tag="740" ind1="0" ind2=" ">
            <subfield code="a">Finne meg sjæl</subfield>
        </datafield>
        <datafield tag="740" ind1="0" ind2=" ">
            <subfield code="a">Fred og frihet</subfield>
        </datafield>
        <datafield tag="740" ind1="0" ind2=" ">
            <subfield code="a">Fredløs</subfield>
        </datafield>
        <datafield tag="740" ind1="0" ind2=" ">
            <subfield code="a">Fyll mine seil</subfield>
        </datafield>
        <datafield tag="740" ind1="0" ind2=" ">
            <subfield code="a">I sommernattens stillhet</subfield>
        </datafield>
        <datafield tag="740" ind1="0" ind2=" ">
            <subfield code="a">Jeg har finni meg sjæl</subfield>
        </datafield>
        <datafield tag="740" ind1="0" ind2=" ">
            <subfield code="a">Kom og ligg inntil meg</subfield>
        </datafield>
        <datafield tag="740" ind1="0" ind2=" ">
            <subfield code="a">Kom ut kom fram</subfield>
        </datafield>
        <datafield tag="740" ind1="0" ind2=" ">
            <subfield code="a">Lille Persille</subfield>
        </datafield>
        <datafield tag="740" ind1="0" ind2=" ">
            <subfield code="a">Lille vackre Anna</subfield>
        </datafield>
        <datafield tag="740" ind1="0" ind2=" ">
            <subfield code="a">Lillesøster</subfield>
        </datafield>
        <datafield tag="740" ind1="0" ind2=" ">
            <subfield code="a">Liten oppsummering</subfield>
        </datafield>
        <datafield tag="740" ind1="0" ind2=" ">
            <subfield code="a">Livet og leken</subfield>
        </datafield>
        <datafield tag="740" ind1="0" ind2=" ">
            <subfield code="a">Livets lyse side</subfield>
        </datafield>
        <datafield tag="740" ind1="0" ind2=" ">
            <subfield code="a">Måken</subfield>
        </datafield>
        <datafield tag="740" ind1="0" ind2=" ">
            <subfield code="a">Malene</subfield>
        </datafield>
        <datafield tag="740" ind1="0" ind2=" ">
            <subfield code="a">Mang en søvnløs natt</subfield>
        </datafield>
        <datafield tag="740" ind1="0" ind2=" ">
            <subfield code="a">Mot ukjente farvann</subfield>
        </datafield>
        <datafield tag="740" ind1="0" ind2=" ">
            <subfield code="a">Natt og dag</subfield>
        </datafield>
        <datafield tag="740" ind1="0" ind2=" ">
            <subfield code="a">Normann Andersen</subfield>
        </datafield>
        <datafield tag="740" ind1="0" ind2=" ">
            <subfield code="a">På flukt</subfield>
        </datafield>
        <datafield tag="740" ind1="0" ind2=" ">
            <subfield code="a">Ride ranke</subfield>
        </datafield>
        <datafield tag="740" ind1="0" ind2=" ">
            <subfield code="a">Rotløs</subfield>
        </datafield>
        <datafield tag="740" ind1="0" ind2=" ">
            <subfield code="a">Samfunnshus blues</subfield>
        </datafield>
        <datafield tag="740" ind1="0" ind2=" ">
            <subfield code="a">Sommerøya</subfield>
        </datafield>
        <datafield tag="740" ind1="0" ind2=" ">
            <subfield code="a">Streets of London</subfield>
        </datafield>
        <datafield tag="740" ind1="0" ind2=" ">
            <subfield code="a">Tenn dine vakre øyne</subfield>
        </datafield>
        <datafield tag="740" ind1="0" ind2=" ">
            <subfield code="a">To tunger</subfield>
        </datafield>
        <datafield tag="740" ind1="0" ind2=" ">
            <subfield code="a">Ved peisen</subfield>
        </datafield>
        <datafield tag="740" ind1="0" ind2=" ">
            <subfield code="a">Velkommen - farvel</subfield>
        </datafield>
        <datafield tag="740" ind1="0" ind2=" ">
            <subfield code="a">Vredens dag</subfield>
        </datafield>
        <datafield tag="740" ind1="2" ind2=" ">
            <subfield code="a">A song for Guy</subfield>
        </datafield>
        <datafield tag="740" ind1="3" ind2=" ">
            <subfield code="a">En tur rundt i byen</subfield>
        </datafield>
        <datafield tag="740" ind1="4" ind2=" ">
            <subfield code="a">Den siste viking</subfield>
        </datafield>
        <datafield tag="740" ind1="4" ind2=" ">
            <subfield code="a">Den svalande vind</subfield>
        </datafield>
        <datafield tag="740" ind1="4" ind2=" ">
            <subfield code="a">The boxer</subfield>
        </datafield>
        <datafield tag="740" ind1="4" ind2=" ">
            <subfield code="a">The highwayman</subfield>
        </datafield>
        <datafield tag="740" ind1="4" ind2=" ">
            <subfield code="a">The river</subfield>
        </datafield>
        <datafield tag="852" ind1="8" ind2=" ">
            <subfield code="b">0030100</subfield>
            <subfield code="c">g00022</subfield>
            <subfield code="h">Lyd f/1506</subfield>
        </datafield>
        <datafield tag="852" ind1="8" ind2=" ">
            <subfield code="b">0183334</subfield>
            <subfield code="c">g00001</subfield>
            <subfield code="h">CD 1993 0158-0159</subfield>
        </datafield>
        <datafield tag="901" ind1=" " ind2=" ">
            <subfield code="a">80</subfield>
        </datafield>
        <datafield tag="913" ind1=" " ind2=" ">
            <subfield code="a">Musikk</subfield>
            <subfield code="b">NB</subfield>
        </datafield>
        <datafield tag="913" ind1=" " ind2=" ">
            <subfield code="a">Nordisko</subfield>
            <subfield code="b">NB</subfield>
        </datafield>
    </record>