
    <record>
        <leader>00995njm a2200301 c 4500</leader>
        <controlfield tag="001">999920074401702202</controlfield>
        <controlfield tag="005">20210224094408.0</controlfield>
        <controlfield tag="008">970225b||||||||no | |d</controlfield>
        <datafield tag="015" ind1=" " ind2=" ">
            <subfield code="a">9400154</subfield>
            <subfield code="2">nbf</subfield>
        </datafield>
        <datafield tag="028" ind1="5" ind2="3">
            <subfield code="a">855 176-2</subfield>
            <subfield code="b">Polydor</subfield>
        </datafield>
        <datafield tag="035" ind1=" " ind2=" ">
            <subfield code="a">(EXLNZ-47BIBSYS_NETWORK)999921130839602201</subfield>
        </datafield>
        <datafield tag="035" ind1=" " ind2=" ">
            <subfield code="a">(NO-OsNB)9300425nln</subfield>
        </datafield>
        <datafield tag="100" ind1="1" ind2=" ">
            <subfield code="a">Kalvik, Finn</subfield>
            <subfield code="d">1947-</subfield>
            <subfield code="0">(NO-TrBIB)90060908</subfield>
        </datafield>
        <datafield tag="245" ind1="1" ind2="0">
            <subfield code="a">Barndommens jul</subfield>
            <subfield code="c">Finn Kalvik</subfield>
            <subfield code="h">lydopptak</subfield>
        </datafield>
        <datafield tag="260" ind1=" " ind2=" ">
            <subfield code="a">Oslo</subfield>
            <subfield code="b">Polydor</subfield>
            <subfield code="c">1993</subfield>
        </datafield>
        <datafield tag="300" ind1=" " ind2=" ">
            <subfield code="a">1 plate</subfield>
            <subfield code="b">digital</subfield>
            <subfield code="c">12 cm</subfield>
        </datafield>
        <datafield tag="500" ind1=" " ind2=" ">
            <subfield code="a">Fra dobbelt-albumet Fra A til nÅ, 40 beste</subfield>
        </datafield>
        <datafield tag="500" ind1=" " ind2=" ">
            <subfield code="a">Polydor: 855 176-2</subfield>
        </datafield>
        <datafield tag="500" ind1=" " ind2=" ">
            <subfield code="a">Produsenter: Rutger Gunnarson og Manfred Eicher</subfield>
        </datafield>
        <datafield tag="505" ind1="8" ind2=" ">
            <subfield code="a">Innhold: Barndommens jul ; Ved peisen (tekst: J.R.R.
                Tolkien)</subfield>
        </datafield>
        <datafield tag="700" ind1="1" ind2=" ">
            <subfield code="a">Eicher, Manfred</subfield>
        </datafield>
        <datafield tag="700" ind1="1" ind2=" ">
            <subfield code="a">Gunnarson, Rutger</subfield>
        </datafield>
        <datafield tag="700" ind1="1" ind2=" ">
            <subfield code="a">Tolkien, J.R.R.</subfield>
        </datafield>
        <datafield tag="740" ind1="0" ind2=" ">
            <subfield code="a">Ved peisen</subfield>
        </datafield>
        <datafield tag="852" ind1="8" ind2=" ">
            <subfield code="b">0030100</subfield>
            <subfield code="c">g00022</subfield>
            <subfield code="h">Lyd f/1716</subfield>
        </datafield>
        <datafield tag="852" ind1="8" ind2=" ">
            <subfield code="b">0183334</subfield>
            <subfield code="c">g00001</subfield>
            <subfield code="h">MCD 1994 0060</subfield>
        </datafield>
        <datafield tag="913" ind1=" " ind2=" ">
            <subfield code="a">Musikk</subfield>
            <subfield code="b">NB</subfield>
        </datafield>
        <datafield tag="913" ind1=" " ind2=" ">
            <subfield code="a">Nordisko</subfield>
            <subfield code="b">NB</subfield>
        </datafield>
    </record>