
    <record>
        <leader>02608njm a2200637 c 4500</leader>
        <controlfield tag="001">999920074621702202</controlfield>
        <controlfield tag="005">20200624151452.0</controlfield>
        <controlfield tag="007">s|||||||||||||</controlfield>
        <controlfield tag="008">960223b||||||||no || | ||| |d</controlfield>
        <datafield tag="015" ind1=" " ind2=" ">
            <subfield code="a">9600185</subfield>
            <subfield code="2">nbf</subfield>
        </datafield>
        <datafield tag="028" ind1="0" ind2="3">
            <subfield code="a">550 233-2</subfield>
            <subfield code="b">Karussell</subfield>
        </datafield>
        <datafield tag="035" ind1=" " ind2=" ">
            <subfield code="a">(EXLNZ-47BIBSYS_NETWORK)999921131371402201</subfield>
        </datafield>
        <datafield tag="035" ind1=" " ind2=" ">
            <subfield code="a">(NO-OsNB)9400551nln</subfield>
        </datafield>
        <datafield tag="100" ind1="1" ind2=" ">
            <subfield code="a">Kalvik, Finn</subfield>
            <subfield code="d">1947-</subfield>
            <subfield code="0">(NO-TrBIB)90060908</subfield>
        </datafield>
        <datafield tag="245" ind1="1" ind2="0">
            <subfield code="a">Beste</subfield>
            <subfield code="h">lydopptak</subfield>
        </datafield>
        <datafield tag="260" ind1=" " ind2=" ">
            <subfield code="a">Oslo</subfield>
            <subfield code="b">Karussell</subfield>
            <subfield code="c">1994</subfield>
        </datafield>
        <datafield tag="300" ind1=" " ind2=" ">
            <subfield code="a">1 plate</subfield>
            <subfield code="b">digital</subfield>
            <subfield code="c">12 cm</subfield>
        </datafield>
        <datafield tag="500" ind1=" " ind2=" ">
            <subfield code="a">Finn Kalvik, sang og gitar</subfield>
        </datafield>
        <datafield tag="500" ind1=" " ind2=" ">
            <subfield code="a">Karussell: 550 233-2</subfield>
        </datafield>
        <datafield tag="505" ind1="8" ind2=" ">
            <subfield code="a">Innhold: Ride ranke (Cats in the cradle) / Harry Chapin ; F. Kalvik.
                Finne meg sjæl / F. Kalvik. En tur rundt i byen (Streets of London) / Ralph MacTell
                ; F. Kalvik. Bokseren (The boxer) / Paul Simon ; F. Kalvik. Samfunnshusblues ; Fyll
                mine seil ; Mang en søvnløs natt/ F. Kalvik. Lillesøster / Håkon Graf, F. Kalvik.
                Rotløs/ F. Kalvik. To tunger / F. Kalvik ; Inger Hagerup. Elva (The river) / John
                Martyn ; F. Kalvik. Du er som vinden (Catch the wind) / Donovan Leitch ; F. Kalvik.
                Ved peisen / F. Kalvik ; J.R.R. Tolkien. Fred og frihet / F. Kalvik. Måken / F.
                Kalvik ; André Bjerke. Den svalande vind / trad. ; F. Kalvik. Vredens dag / F.
                Kalvik. Berceuse / F. Kalvik ; A. Bjerke. Feriebrev / F. Kalvik</subfield>
        </datafield>
        <datafield tag="700" ind1="1" ind2=" ">
            <subfield code="a">Bjerke, André</subfield>
            <subfield code="d">1918-1985</subfield>
            <subfield code="0">(NO-TrBIB)90060945</subfield>
        </datafield>
        <datafield tag="700" ind1="1" ind2=" ">
            <subfield code="a">Chapin, Harry</subfield>
            <subfield code="d">1942-</subfield>
            <subfield code="0">(NO-TrBIB)45663</subfield>
        </datafield>
        <datafield tag="700" ind1="1" ind2=" ">
            <subfield code="a">Graf, Håkon</subfield>
            <subfield code="d">1955-</subfield>
            <subfield code="0">(NO-TrBIB)5002521</subfield>
        </datafield>
        <datafield tag="700" ind1="1" ind2=" ">
            <subfield code="a">Hagerup, Inger</subfield>
            <subfield code="d">1905-1985</subfield>
            <subfield code="0">(NO-TrBIB)90534304</subfield>
        </datafield>
        <datafield tag="700" ind1="1" ind2=" ">
            <subfield code="a">Leitch, Donovan</subfield>
            <subfield code="d">1968-</subfield>
            <subfield code="0">(NO-TrBIB)6020441</subfield>
        </datafield>
        <datafield tag="700" ind1="1" ind2=" ">
            <subfield code="a">Martyn, John</subfield>
            <subfield code="d">1948-2009</subfield>
            <subfield code="0">(NO-TrBIB)1025285</subfield>
        </datafield>
        <datafield tag="700" ind1="1" ind2=" ">
            <subfield code="a">McTell, Ralph</subfield>
            <subfield code="d">1944-</subfield>
            <subfield code="0">(NO-TrBIB)99028327</subfield>
        </datafield>
        <datafield tag="700" ind1="1" ind2=" ">
            <subfield code="a">Simon, Paul</subfield>
        </datafield>
        <datafield tag="700" ind1="1" ind2=" ">
            <subfield code="a">Tolkien, J.R.R.</subfield>
            <subfield code="d">1892-1973</subfield>
            <subfield code="0">(NO-TrBIB)90056310</subfield>
        </datafield>
        <datafield tag="740" ind1="0" ind2=" ">
            <subfield code="a">2 tunger</subfield>
        </datafield>
        <datafield tag="740" ind1="0" ind2=" ">
            <subfield code="a">Berceuse</subfield>
        </datafield>
        <datafield tag="740" ind1="0" ind2=" ">
            <subfield code="a">Bokseren</subfield>
        </datafield>
        <datafield tag="740" ind1="0" ind2=" ">
            <subfield code="a">Catch the wind</subfield>
        </datafield>
        <datafield tag="740" ind1="0" ind2=" ">
            <subfield code="a">Cats in the cradle</subfield>
        </datafield>
        <datafield tag="740" ind1="0" ind2=" ">
            <subfield code="a">Du er som vinden</subfield>
        </datafield>
        <datafield tag="740" ind1="0" ind2=" ">
            <subfield code="a">Elva</subfield>
        </datafield>
        <datafield tag="740" ind1="0" ind2=" ">
            <subfield code="a">Feriebrev</subfield>
        </datafield>
        <datafield tag="740" ind1="0" ind2=" ">
            <subfield code="a">Finne meg sjæl</subfield>
        </datafield>
        <datafield tag="740" ind1="0" ind2=" ">
            <subfield code="a">Fred og frihet</subfield>
        </datafield>
        <datafield tag="740" ind1="0" ind2=" ">
            <subfield code="a">Fyll mine seil</subfield>
        </datafield>
        <datafield tag="740" ind1="0" ind2=" ">
            <subfield code="a">Lillesøster</subfield>
        </datafield>
        <datafield tag="740" ind1="0" ind2=" ">
            <subfield code="a">Mang en søvnløs natt</subfield>
        </datafield>
        <datafield tag="740" ind1="0" ind2=" ">
            <subfield code="a">Ride ranke</subfield>
        </datafield>
        <datafield tag="740" ind1="0" ind2=" ">
            <subfield code="a">Rotløs</subfield>
        </datafield>
        <datafield tag="740" ind1="0" ind2=" ">
            <subfield code="a">Samfunnshusblues</subfield>
        </datafield>
        <datafield tag="740" ind1="0" ind2=" ">
            <subfield code="a">Streets of London</subfield>
        </datafield>
        <datafield tag="740" ind1="0" ind2=" ">
            <subfield code="a">To tunger</subfield>
        </datafield>
        <datafield tag="740" ind1="0" ind2=" ">
            <subfield code="a">Ved peisen</subfield>
        </datafield>
        <datafield tag="740" ind1="0" ind2=" ">
            <subfield code="a">Vredens dag</subfield>
        </datafield>
        <datafield tag="740" ind1="3" ind2=" ">
            <subfield code="a">En tur rundt i byen</subfield>
        </datafield>
        <datafield tag="740" ind1="4" ind2=" ">
            <subfield code="a">Den svalande vind</subfield>
        </datafield>
        <datafield tag="740" ind1="4" ind2=" ">
            <subfield code="a">The boxer</subfield>
        </datafield>
        <datafield tag="740" ind1="4" ind2=" ">
            <subfield code="a">The river</subfield>
        </datafield>
        <datafield tag="852" ind1="8" ind2=" ">
            <subfield code="b">0030100</subfield>
            <subfield code="c">g00022</subfield>
            <subfield code="h">Lyd f/2674</subfield>
        </datafield>
        <datafield tag="913" ind1=" " ind2=" ">
            <subfield code="a">Musikk</subfield>
            <subfield code="b">NB</subfield>
        </datafield>
        <datafield tag="913" ind1=" " ind2=" ">
            <subfield code="a">Nordisko</subfield>
            <subfield code="b">NB</subfield>
        </datafield>
    </record>