
    <record>
        <leader>02599cgm a2200589 c 4500</leader>
        <controlfield tag="001">999920087100002202</controlfield>
        <controlfield tag="005">20230105133954.0</controlfield>
        <controlfield tag="007">vd#|v||||</controlfield>
        <controlfield tag="008">150612p20132012xx ||||||||||| v|eng|d</controlfield>
        <datafield tag="035" ind1=" " ind2=" ">
            <subfield code="a">(EXLNZ-47BIBSYS_NETWORK)991310206844702201</subfield>
        </datafield>
        <datafield tag="035" ind1=" " ind2=" ">
            <subfield code="a">(NO-TrBIB)131020684</subfield>
        </datafield>
        <datafield tag="035" ind1=" " ind2=" ">
            <subfield code="a">(WOACT)0000019592</subfield>
        </datafield>
        <datafield tag="035" ind1=" " ind2=" ">
            <subfield code="a">131020684-47bibsys_network</subfield>
        </datafield>
        <datafield tag="040" ind1=" " ind2=" ">
            <subfield code="a">NO-TrBIB</subfield>
            <subfield code="b">nob</subfield>
            <subfield code="e">katreg</subfield>
        </datafield>
        <datafield tag="080" ind1=" " ind2=" ">
            <subfield code="a">DVD-F Ja</subfield>
        </datafield>
        <datafield tag="082" ind1="0" ind2="4">
            <subfield code="a">791.4372</subfield>
            <subfield code="2">23</subfield>
        </datafield>
        <datafield tag="082" ind1="0" ind2="4">
            <subfield code="a">820s</subfield>
            <subfield code="2">23</subfield>
        </datafield>
        <datafield tag="083" ind1="0" ind2=" ">
            <subfield code="a">3</subfield>
            <subfield code="z">3b</subfield>
            <subfield code="2">23</subfield>
        </datafield>
        <datafield tag="083" ind1="0" ind2=" ">
            <subfield code="a">791.43f</subfield>
            <subfield code="2">23</subfield>
        </datafield>
        <datafield tag="245" ind1="0" ind2="0">
            <subfield code="a">Hobbiten :</subfield>
            <subfield code="b">en uventet reise = The hobbit : an uexpected journey</subfield>
            <subfield code="c">directed by Peter Jackson</subfield>
            <subfield code="h">[videoopptak]</subfield>
        </datafield>
        <datafield tag="246" ind1="3" ind2="1">
            <subfield code="a">The hobbit</subfield>
            <subfield code="b">an uexpected journey</subfield>
        </datafield>
        <datafield tag="250" ind1=" " ind2=" ">
            <subfield code="a">Two-disc special edition</subfield>
        </datafield>
        <datafield tag="260" ind1=" " ind2=" ">
            <subfield code="a">[S.l.]</subfield>
            <subfield code="b">SF Norge</subfield>
            <subfield code="c">cop. 2013</subfield>
        </datafield>
        <datafield tag="300" ind1=" " ind2=" ">
            <subfield code="a">2 videoplater (DVD-video) (2 t, 43 min)</subfield>
            <subfield code="b">lyd, kol.</subfield>
        </datafield>
        <datafield tag="500" ind1=" " ind2=" ">
            <subfield code="a">Bygger på Tolkiens bok</subfield>
        </datafield>
        <datafield tag="500" ind1=" " ind2=" ">
            <subfield code="a">EAN : 7036988039537</subfield>
        </datafield>
        <datafield tag="500" ind1=" " ind2=" ">
            <subfield code="a">Engelsk tale, tekstet på norsk, dansk, svensk , finsk,
                islandsk</subfield>
        </datafield>
        <datafield tag="500" ind1=" " ind2=" ">
            <subfield code="a">Eventyr. Aldersgrense: 11 år</subfield>
        </datafield>
        <datafield tag="500" ind1=" " ind2=" ">
            <subfield code="a">Medietilsynet : 168166</subfield>
        </datafield>
        <datafield tag="500" ind1=" " ind2=" ">
            <subfield code="a">MGM WB : 803953</subfield>
        </datafield>
        <datafield tag="500" ind1=" " ind2=" ">
            <subfield code="a">Produksjon: USA : New Line Cinema , 2012</subfield>
        </datafield>
        <datafield tag="500" ind1=" " ind2=" ">
            <subfield code="a">Rolleliste: Ian McKellen, Martin Freeman, Richard Armitage, James
                Nesbitt, Ken Stott, Cate Blanchett, Ian Holm, Christopher Lee, Elijah
                Wood</subfield>
        </datafield>
        <datafield tag="653" ind1=" " ind2=" ">
            <subfield code="a">eventyr</subfield>
            <subfield code="a">adventure</subfield>
            <subfield code="a">fantasi</subfield>
            <subfield code="a">fantasy</subfield>
            <subfield code="a">usa</subfield>
            <subfield code="a">new</subfield>
            <subfield code="a">zealand</subfield>
            <subfield code="a">spillefilmer</subfield>
            <subfield code="a">2010-tallet</subfield>
        </datafield>
        <datafield tag="700" ind1="1" ind2=" ">
            <subfield code="a">Armitage, Richard</subfield>
            <subfield code="d">1971-</subfield>
            <subfield code="0">(NO-TrBIB)7016258</subfield>
            <subfield code="4">act</subfield>
        </datafield>
        <datafield tag="700" ind1="1" ind2=" ">
            <subfield code="a">Blanchett, Cate</subfield>
            <subfield code="d">1969-</subfield>
            <subfield code="0">(NO-TrBIB)1096357</subfield>
            <subfield code="4">act</subfield>
        </datafield>
        <datafield tag="700" ind1="1" ind2=" ">
            <subfield code="a">Cunningham, Carolynne</subfield>
            <subfield code="0">(NO-TrBIB)10009307</subfield>
            <subfield code="4">pro</subfield>
        </datafield>
        <datafield tag="700" ind1="1" ind2=" ">
            <subfield code="a">Freeman, Martin</subfield>
            <subfield code="d">1971-</subfield>
            <subfield code="0">(NO-TrBIB)90910351</subfield>
            <subfield code="4">act</subfield>
        </datafield>
        <datafield tag="700" ind1="1" ind2=" ">
            <subfield code="a">Holm, Ian</subfield>
            <subfield code="d">1931-2020</subfield>
            <subfield code="0">(NO-TrBIB)99034953</subfield>
            <subfield code="4">act</subfield>
        </datafield>
        <datafield tag="700" ind1="1" ind2=" ">
            <subfield code="a">Jackson, Peter</subfield>
            <subfield code="0">(NO-TrBIB)5032609</subfield>
            <subfield code="4">drt</subfield>
        </datafield>
        <datafield tag="700" ind1="1" ind2=" ">
            <subfield code="a">Lee, Christopher</subfield>
            <subfield code="d">1922-2015</subfield>
            <subfield code="0">(NO-TrBIB)90863316</subfield>
            <subfield code="4">act</subfield>
        </datafield>
        <datafield tag="700" ind1="1" ind2=" ">
            <subfield code="a">Lesnie, Andrew</subfield>
            <subfield code="d">1956-</subfield>
            <subfield code="0">(NO-TrBIB)13040417</subfield>
            <subfield code="4">cng</subfield>
        </datafield>
        <datafield tag="700" ind1="1" ind2=" ">
            <subfield code="a">McKellen, Ian</subfield>
            <subfield code="d">1939-</subfield>
            <subfield code="0">(NO-TrBIB)90943418</subfield>
            <subfield code="4">act</subfield>
        </datafield>
        <datafield tag="700" ind1="1" ind2=" ">
            <subfield code="a">Nesbitt, James</subfield>
            <subfield code="d">1965-</subfield>
            <subfield code="0">(NO-TrBIB)5011513</subfield>
            <subfield code="4">act</subfield>
        </datafield>
        <datafield tag="700" ind1="1" ind2=" ">
            <subfield code="a">Olssen, Jabez</subfield>
            <subfield code="d">1975-</subfield>
            <subfield code="0">(NO-TrBIB)13040416</subfield>
            <subfield code="4">flm</subfield>
        </datafield>
        <datafield tag="700" ind1="1" ind2=" ">
            <subfield code="a">Shore, Howard</subfield>
            <subfield code="0">(NO-TrBIB)3109350</subfield>
            <subfield code="4">cmp</subfield>
        </datafield>
        <datafield tag="700" ind1="1" ind2=" ">
            <subfield code="a">Stott, Ken</subfield>
            <subfield code="0">(NO-TrBIB)90983276</subfield>
            <subfield code="4">act</subfield>
        </datafield>
        <datafield tag="700" ind1="1" ind2=" ">
            <subfield code="a">Walsh, Fran</subfield>
            <subfield code="0">(NO-TrBIB)5062614</subfield>
            <subfield code="4">pro</subfield>
            <subfield code="4">aus</subfield>
        </datafield>
        <datafield tag="700" ind1="1" ind2=" ">
            <subfield code="a">Weiner, Zane</subfield>
            <subfield code="0">(NO-TrBIB)13040418</subfield>
            <subfield code="4">pro</subfield>
        </datafield>
        <datafield tag="700" ind1="1" ind2=" ">
            <subfield code="a">Wood, Elijah</subfield>
            <subfield code="d">1981-</subfield>
            <subfield code="0">(NO-TrBIB)3018546</subfield>
            <subfield code="4">act</subfield>
        </datafield>
        <datafield tag="700" ind1="1" ind2="2">
            <subfield code="a">Tolkien, J.R.R.</subfield>
            <subfield code="d">1892-1973</subfield>
            <subfield code="t">The Hobbit</subfield>
            <subfield code="0">(NO-TrBIB)90056310</subfield>
            <subfield code="4">ant</subfield>
        </datafield>
        <datafield tag="856" ind1="4" ind2="2">
            <subfield code="3">Omtale av forfatter</subfield>
            <subfield code="u"
                >http://www.imdb.com/title/tt0903624/fullcredits?ref_=tt_ov_st_sm#cast</subfield>
            <subfield code="q">text/html</subfield>
        </datafield>
        <datafield tag="901" ind1=" " ind2=" ">
            <subfield code="a">80</subfield>
        </datafield>
    </record>