
    <record>
        <leader>01641cgm a2200361 c 4500</leader>
        <controlfield tag="001">999920087100202202</controlfield>
        <controlfield tag="005">20230105134853.0</controlfield>
        <controlfield tag="007">vd#|v||||</controlfield>
        <controlfield tag="008">150619s2002 xx ||||||||||| v|eng|d</controlfield>
        <datafield tag="035" ind1=" " ind2=" ">
            <subfield code="a">(EXLNZ-47BIBSYS_NETWORK)990229506564702201</subfield>
        </datafield>
        <datafield tag="035" ind1=" " ind2=" ">
            <subfield code="a">(NO-TrBIB)022950656</subfield>
        </datafield>
        <datafield tag="035" ind1=" " ind2=" ">
            <subfield code="a">022950656-47bibsys_network</subfield>
        </datafield>
        <datafield tag="040" ind1=" " ind2=" ">
            <subfield code="a">NO-TrBIB</subfield>
            <subfield code="b">nob</subfield>
            <subfield code="e">katreg</subfield>
        </datafield>
        <datafield tag="245" ind1="0" ind2="4">
            <subfield code="a">The Lord of the rings :</subfield>
            <subfield code="b">the fellowship of the ring</subfield>
            <subfield code="c">producers: Barrie M. Osborne ... [et al.] ; directed by Peter
                Jackson</subfield>
            <subfield code="h">[videoopptak]</subfield>
        </datafield>
        <datafield tag="250" ind1=" " ind2=" ">
            <subfield code="a">Special extended DVD ed.</subfield>
        </datafield>
        <datafield tag="260" ind1=" " ind2=" ">
            <subfield code="a">[S.l.]</subfield>
            <subfield code="b">New Line Home Entertainment</subfield>
            <subfield code="c">c2002</subfield>
        </datafield>
        <datafield tag="300" ind1=" " ind2=" ">
            <subfield code="a">4 videoplater (DVD-video) (208 min)</subfield>
            <subfield code="b">lyd, kol.</subfield>
        </datafield>
        <datafield tag="500" ind1=" " ind2=" ">
            <subfield code="a">Drama/eventyr.</subfield>
        </datafield>
        <datafield tag="500" ind1=" " ind2=" ">
            <subfield code="a">Ekstramateriale: Appendices part one - from book to vision (disc 3),
                part two - from vision to reality (disc 4).</subfield>
        </datafield>
        <datafield tag="500" ind1=" " ind2=" ">
            <subfield code="a">Filmen bygger på en roman av J.J.R. Tolkien.</subfield>
        </datafield>
        <datafield tag="500" ind1=" " ind2=" ">
            <subfield code="a">Kodet for region 2. Widescreen.</subfield>
        </datafield>
        <datafield tag="500" ind1=" " ind2=" ">
            <subfield code="a">Produksjon: USA : New Line Cinema, 2001.</subfield>
        </datafield>
        <datafield tag="500" ind1=" " ind2=" ">
            <subfield code="a">Rolleliste: Ian Holm, Elijah Wood, Ian McKellen, Liv
                Tyler.</subfield>
        </datafield>
        <datafield tag="653" ind1=" " ind2=" ">
            <subfield code="a">amerikanske</subfield>
            <subfield code="a">spillefilmer</subfield>
            <subfield code="a">2000-tallet</subfield>
            <subfield code="a">eventyr</subfield>
            <subfield code="a">fantasi</subfield>
            <subfield code="a">fantasy</subfield>
            <subfield code="a">action</subfield>
            <subfield code="a">adventure</subfield>
            <subfield code="a">usa</subfield>
            <subfield code="a">new</subfield>
            <subfield code="a">zealand</subfield>
        </datafield>
        <datafield tag="700" ind1="1" ind2=" ">
            <subfield code="a">Holm, Ian</subfield>
            <subfield code="d">1931-2020</subfield>
            <subfield code="4">act</subfield>
            <subfield code="0">(NO-TrBIB)99034953</subfield>
        </datafield>
        <datafield tag="700" ind1="1" ind2=" ">
            <subfield code="a">Jackson, Peter,</subfield>
            <subfield code="d">1961-</subfield>
            <subfield code="4">drt</subfield>
            <subfield code="0">(NO-TrBIB)2087019</subfield>
        </datafield>
        <datafield tag="700" ind1="1" ind2=" ">
            <subfield code="a">McKellen, Ian</subfield>
            <subfield code="d">1939-</subfield>
            <subfield code="4">act</subfield>
            <subfield code="0">(NO-TrBIB)90943418</subfield>
        </datafield>
        <datafield tag="700" ind1="1" ind2=" ">
            <subfield code="a">Tolkien, J.R.R.</subfield>
            <subfield code="d">1892-1973</subfield>
            <subfield code="0">(NO-TrBIB)90056310</subfield>
        </datafield>
        <datafield tag="700" ind1="1" ind2=" ">
            <subfield code="a">Tyler, Liv</subfield>
            <subfield code="d">1977-</subfield>
            <subfield code="4">act</subfield>
            <subfield code="0">(NO-TrBIB)90945402</subfield>
        </datafield>
        <datafield tag="700" ind1="1" ind2=" ">
            <subfield code="a">Wood, Elijah</subfield>
            <subfield code="d">1981-</subfield>
            <subfield code="4">act</subfield>
            <subfield code="0">(NO-TrBIB)3018546</subfield>
        </datafield>
        <datafield tag="740" ind1="0" ind2=" ">
            <subfield code="a">Ringens brorskap</subfield>
        </datafield>
        <datafield tag="740" ind1="4" ind2=" ">
            <subfield code="a">The fellowship of the ring</subfield>
        </datafield>
        <datafield tag="901" ind1=" " ind2=" ">
            <subfield code="a">80</subfield>
        </datafield>
    </record>