
    <record>
        <leader>02277nas-a2200505-i-4500</leader>
        <controlfield tag="001">999920136093102202</controlfield>
        <controlfield tag="005">20200520074210.7</controlfield>
        <controlfield tag="006">m-----o--d--------</controlfield>
        <controlfield tag="007">cr-mnu||||||||</controlfield>
        <controlfield tag="008">191220d19651972cau-x-p-o-----|---a0eng--</controlfield>
        <datafield tag="010" ind1=" " ind2=" ">
            <subfield code="a"> 2020202231</subfield>
        </datafield>
        <datafield tag="035" ind1=" " ind2=" ">
            <subfield code="a">(CKB)4100000009951407</subfield>
        </datafield>
        <datafield tag="035" ind1=" " ind2=" ">
            <subfield code="a">(CONSER)--2020202231</subfield>
        </datafield>
        <datafield tag="035" ind1=" " ind2=" ">
            <subfield code="a">(DE-599)ZDB3007316-9</subfield>
        </datafield>
        <datafield tag="035" ind1=" " ind2=" ">
            <subfield code="a">(EXLCZ)994100000009951407</subfield>
        </datafield>
        <datafield tag="035" ind1=" " ind2=" ">
            <subfield code="a">(OCoLC)1132289984</subfield>
        </datafield>
        <datafield tag="037" ind1=" " ind2=" ">
            <subfield code="a">22573/ctvgtwkcv</subfield>
            <subfield code="b">JSTOR</subfield>
        </datafield>
        <datafield tag="042" ind1=" " ind2=" ">
            <subfield code="a">pcc</subfield>
            <subfield code="a">nsdp</subfield>
        </datafield>
        <datafield tag="050" ind1=" " ind2="4">
            <subfield code="a">PR6039.O32</subfield>
        </datafield>
        <datafield tag="050" ind1="1" ind2="0">
            <subfield code="a">ISSN RECORD</subfield>
        </datafield>
        <datafield tag="082" ind1=" " ind2="4">
            <subfield code="a">823.912</subfield>
        </datafield>
        <datafield tag="082" ind1="1" ind2="0">
            <subfield code="a">812.912</subfield>
            <subfield code="2">23</subfield>
        </datafield>
        <datafield tag="222" ind1=" " ind2="0">
            <subfield code="a">Tolkien journal</subfield>
            <subfield code="b">(Online)</subfield>
        </datafield>
        <datafield tag="245" ind1="0" ind2="0">
            <subfield code="a">Tolkien journal.</subfield>
        </datafield>
        <datafield tag="264" ind1=" " ind2="1">
            <subfield code="a">New York, N.Y. :</subfield>
            <subfield code="b">New York Tolkien Society,</subfield>
            <subfield code="c">1965-1972.</subfield>
        </datafield>
        <datafield tag="264" ind1="2" ind2="1">
            <subfield code="3">&lt;1968-&gt;:</subfield>
            <subfield code="a">Center Harbor, NH :</subfield>
            <subfield code="b">Tolkien Society of America, Belknap College</subfield>
        </datafield>
        <datafield tag="264" ind1="3" ind2="1">
            <subfield code="3">&lt;1972&gt;:</subfield>
            <subfield code="a">Los Angeles, Calif. :</subfield>
            <subfield code="b">Mythopoeic Society of Los Angeles</subfield>
        </datafield>
        <datafield tag="310" ind1=" " ind2=" ">
            <subfield code="a">Irregular</subfield>
        </datafield>
        <datafield tag="336" ind1=" " ind2=" ">
            <subfield code="a">text</subfield>
            <subfield code="b">txt</subfield>
            <subfield code="2">rdacontent</subfield>
        </datafield>
        <datafield tag="337" ind1=" " ind2=" ">
            <subfield code="a">computer</subfield>
            <subfield code="b">c</subfield>
            <subfield code="2">rdamedia</subfield>
        </datafield>
        <datafield tag="338" ind1=" " ind2=" ">
            <subfield code="a">online resource</subfield>
            <subfield code="b">cr</subfield>
            <subfield code="2">rdacarrier</subfield>
        </datafield>
        <datafield tag="362" ind1="1" ind2=" ">
            <subfield code="a">Began with vol. 1, no. 1 (1) (Spring 1965); ceased with whole no. 15
                (summer 1972).</subfield>
        </datafield>
        <datafield tag="500" ind1=" " ind2=" ">
            <subfield code="a">No. 9, 10 were published at Center Harbor, N.H. -- No. 11, 13, 14
                were published by the University of Wisconsin J.R.R. Tolkien Society, Madison, as
                &quot;Tolkien Journal&quot; and &quot;Orcrist&quot; no. 3-5. -- No. 12 was published
                by the Mythopoeic Society, Maywood, Cal., as &quot;Tolkien Journal&quot; and
                &quot;Mythlore&quot; forming &quot;Mythlore&quot; no. 5. -- No. 15 was published by
                the Mythopoeic Society of Los Angeles.</subfield>
        </datafield>
        <datafield tag="515" ind1=" " ind2=" ">
            <subfield code="a">No. 12 has no vol. numbering but constitutes v. 4, no. 2.</subfield>
        </datafield>
        <datafield tag="515" ind1=" " ind2=" ">
            <subfield code="a">Vol. 3, no. 3-vol. 4 called also whole no. 9-15.</subfield>
        </datafield>
        <datafield tag="588" ind1=" " ind2=" ">
            <subfield code="a">Description based on print version record.</subfield>
        </datafield>
        <datafield tag="588" ind1=" " ind2=" ">
            <subfield code="a">Latest issue consulted: Vol. 4, no. 4, whole no.14 (1971) (jstor.org
                website, viewed May 19, 2020).</subfield>
        </datafield>
        <datafield tag="600" ind1="1" ind2="0">
            <subfield code="a">Tolkien, J. R. R.</subfield>
            <subfield code="q">(John Ronald Reuel),</subfield>
            <subfield code="d">1892-1973</subfield>
            <subfield code="v">Periodicals.</subfield>
        </datafield>
        <datafield tag="600" ind1="1" ind2="7">
            <subfield code="a">Tolkien, J. R. R.</subfield>
            <subfield code="q">(John Ronald Reuel),</subfield>
            <subfield code="d">1892-1973.</subfield>
            <subfield code="2">fast</subfield>
            <subfield code="0">(OCoLC)fst00030031</subfield>
        </datafield>
        <datafield tag="655" ind1=" " ind2="7">
            <subfield code="a">Periodicals.</subfield>
            <subfield code="2">fast</subfield>
            <subfield code="0">(OCoLC)fst01411641</subfield>
        </datafield>
        <datafield tag="710" ind1="2" ind2=" ">
            <subfield code="a">Mythopoeic Society (U.S.)</subfield>
        </datafield>
        <datafield tag="710" ind1="2" ind2=" ">
            <subfield code="a">New York Tolkien Society.</subfield>
        </datafield>
        <datafield tag="710" ind1="2" ind2=" ">
            <subfield code="a">Tolkien Society of America.</subfield>
        </datafield>
        <datafield tag="776" ind1=" " ind2=" ">
            <subfield code="x">0040-909X</subfield>
        </datafield>
        <datafield tag="906" ind1=" " ind2=" ">
            <subfield code="a">JOURNAL</subfield>
        </datafield>
    </record>