
    <record>
        <leader>01520cgm a2200373 c 4500</leader>
        <controlfield tag="001">999920161403802202</controlfield>
        <controlfield tag="005">20230105135031.0</controlfield>
        <controlfield tag="007">vd |v||||</controlfield>
        <controlfield tag="008">140911s2004 xx#|||||||||||####v|eng|d</controlfield>
        <datafield tag="035" ind1=" " ind2=" ">
            <subfield code="a">(EXLNZ-47BIBSYS_NETWORK)990424395664702201</subfield>
        </datafield>
        <datafield tag="035" ind1=" " ind2=" ">
            <subfield code="a">(NO-TrBIB)042439566</subfield>
        </datafield>
        <datafield tag="035" ind1=" " ind2=" ">
            <subfield code="a">042439566-47bibsys_network</subfield>
        </datafield>
        <datafield tag="040" ind1=" " ind2=" ">
            <subfield code="a">NO-TrBIB</subfield>
            <subfield code="b">nob</subfield>
            <subfield code="e">katreg</subfield>
        </datafield>
        <datafield tag="245" ind1="0" ind2="4">
            <subfield code="a">The Lord of the rings :</subfield>
            <subfield code="b">the return of the king</subfield>
            <subfield code="c">producers: Barrie M. Osborne ... [et al.] ; directed by Peter
                Jackson</subfield>
            <subfield code="h">[videoopptak]</subfield>
        </datafield>
        <datafield tag="250" ind1=" " ind2=" ">
            <subfield code="a">Special extended DVD ed.</subfield>
        </datafield>
        <datafield tag="260" ind1=" " ind2=" ">
            <subfield code="a">[S.l.]</subfield>
            <subfield code="b">New Line Home Entertainment</subfield>
            <subfield code="c">c2004</subfield>
        </datafield>
        <datafield tag="300" ind1=" " ind2=" ">
            <subfield code="a">4 videoplater (DVD-video) (240 min)</subfield>
            <subfield code="b">lyd, kol.</subfield>
        </datafield>
        <datafield tag="500" ind1=" " ind2=" ">
            <subfield code="a">Aldersgrense 11 år</subfield>
        </datafield>
        <datafield tag="500" ind1=" " ind2=" ">
            <subfield code="a">Drama/eventyr.</subfield>
        </datafield>
        <datafield tag="500" ind1=" " ind2=" ">
            <subfield code="a">Filmen bygger på en roman av J.J.R. Tolkien.</subfield>
        </datafield>
        <datafield tag="500" ind1=" " ind2=" ">
            <subfield code="a">Produksjon: USA : New Line Cinema, 2003.</subfield>
        </datafield>
        <datafield tag="500" ind1=" " ind2=" ">
            <subfield code="a">Rolleliste: Elijah Wood, Ian McKellen, Liv Tyler et al.</subfield>
        </datafield>
        <datafield tag="500" ind1=" " ind2=" ">
            <subfield code="a">Statens filmtilsyn : 44174</subfield>
        </datafield>
        <datafield tag="500" ind1=" " ind2=" ">
            <subfield code="a">Widescreen.</subfield>
        </datafield>
        <datafield tag="653" ind1=" " ind2=" ">
            <subfield code="a">amerikanske</subfield>
            <subfield code="a">spillefilmer</subfield>
            <subfield code="a">2000-tallet</subfield>
            <subfield code="a">eventyr</subfield>
            <subfield code="a">fantasi</subfield>
            <subfield code="a">fantasy</subfield>
            <subfield code="a">action</subfield>
            <subfield code="a">usa</subfield>
            <subfield code="a">new</subfield>
            <subfield code="a">zealand</subfield>
        </datafield>
        <datafield tag="700" ind1="1" ind2=" ">
            <subfield code="a">Jackson, Peter,</subfield>
            <subfield code="d">1961-</subfield>
            <subfield code="4">drt</subfield>
            <subfield code="0">(NO-TrBIB)2087019</subfield>
        </datafield>
        <datafield tag="700" ind1="1" ind2=" ">
            <subfield code="a">McKellen, Ian</subfield>
            <subfield code="d">1939-</subfield>
            <subfield code="4">act</subfield>
            <subfield code="0">(NO-TrBIB)90943418</subfield>
        </datafield>
        <datafield tag="700" ind1="1" ind2=" ">
            <subfield code="a">Tolkien, J.R.R.</subfield>
            <subfield code="d">1892-1973</subfield>
            <subfield code="4">aut</subfield>
            <subfield code="0">(NO-TrBIB)90056310</subfield>
        </datafield>
        <datafield tag="700" ind1="1" ind2=" ">
            <subfield code="a">Tyler, Liv</subfield>
            <subfield code="d">1977-</subfield>
            <subfield code="4">act</subfield>
            <subfield code="0">(NO-TrBIB)90945402</subfield>
        </datafield>
        <datafield tag="700" ind1="1" ind2=" ">
            <subfield code="a">Wood, Elijah</subfield>
            <subfield code="d">1981-</subfield>
            <subfield code="4">act</subfield>
            <subfield code="0">(NO-TrBIB)3018546</subfield>
        </datafield>
        <datafield tag="740" ind1="0" ind2=" ">
            <subfield code="a">Atter en konge</subfield>
        </datafield>
        <datafield tag="740" ind1="0" ind2=" ">
            <subfield code="a">Ringenes herre</subfield>
        </datafield>
        <datafield tag="740" ind1="4" ind2=" ">
            <subfield code="a">The return of the king</subfield>
        </datafield>
        <datafield tag="901" ind1=" " ind2=" ">
            <subfield code="a">80</subfield>
        </datafield>
    </record>