
    <record>
        <leader>01943nja a22004337c 4500</leader>
        <controlfield tag="001">999920362317702202</controlfield>
        <controlfield tag="007">cr||||||||||||</controlfield>
        <controlfield tag="007">sr||||||||||||</controlfield>
        <controlfield tag="008">230126t20082008no |||||o########|#|und|#</controlfield>
        <datafield tag="024" ind1="0" ind2=" ">
            <subfield code="a">NOX9X3503913</subfield>
        </datafield>
        <datafield tag="035" ind1=" " ind2=" ">
            <subfield code="a">(EXLNZ-47BIBSYS_NETWORK)999921986728902201</subfield>
        </datafield>
        <datafield tag="035" ind1=" " ind2=" ">
            <subfield code="a">(NO-OsNB)EAN_7090002715456_01_0013</subfield>
        </datafield>
        <datafield tag="035" ind1=" " ind2=" ">
            <subfield code="a">(NO-Phono)EAN_7090002715456_01_0013</subfield>
        </datafield>
        <datafield tag="035" ind1=" " ind2=" ">
            <subfield code="a">oai:nb.no:pliktmusikk_EAN_7090002715456_01_0013</subfield>
        </datafield>
        <datafield tag="040" ind1=" " ind2=" ">
            <subfield code="b">nob</subfield>
            <subfield code="d">NO-OsNB</subfield>
            <subfield code="e">rda</subfield>
        </datafield>
        <datafield tag="100" ind1="1" ind2=" ">
            <subfield code="a">Kalvik, Finn</subfield>
            <subfield code="4">https://id.nb.no/vocabulary/perfrel/1</subfield>
            <subfield code="4">lyr</subfield>
            <subfield code="4">cmp</subfield>
        </datafield>
        <datafield tag="245" ind1="1" ind2="0">
            <subfield code="a">Ved Peisen</subfield>
            <subfield code="c">Finn Kalvik, composer, lyricist ; J.R.R. Tolkien, lyricist</subfield>
        </datafield>
        <datafield tag="264" ind1=" " ind2="1">
            <subfield code="a">[Norge]</subfield>
            <subfield code="b">daWorks</subfield>
            <subfield code="c">2008-07-10</subfield>
        </datafield>
        <datafield tag="264" ind1=" " ind2="2">
            <subfield code="a">[Oslo]</subfield>
            <subfield code="b">Phonofile</subfield>
        </datafield>
        <datafield tag="264" ind1=" " ind2="4">
            <subfield code="c">℗ 2008</subfield>
        </datafield>
        <datafield tag="300" ind1=" " ind2=" ">
            <subfield code="a">1 online (nettilkoblet) ressurs (1 lydfil)</subfield>
        </datafield>
        <datafield tag="306" ind1=" " ind2=" ">
            <subfield code="a">000346</subfield>
        </datafield>
        <datafield tag="336" ind1=" " ind2=" ">
            <subfield code="a">framført musikk</subfield>
            <subfield code="0">http://rdaregistry.info/termList/RDAContentType/1011</subfield>
            <subfield code="2">rdaco</subfield>
        </datafield>
        <datafield tag="337" ind1=" " ind2=" ">
            <subfield code="a">datamaskin</subfield>
            <subfield code="0">http://rdaregistry.info/termList/RDAMediaType/1003</subfield>
            <subfield code="2">rdamt</subfield>
        </datafield>
        <datafield tag="338" ind1=" " ind2=" ">
            <subfield code="a">online (nettilkoblet) ressurs</subfield>
            <subfield code="0">http://rdaregistry.info/termList/RDACarrierType/1018</subfield>
            <subfield code="2">rdact</subfield>
        </datafield>
        <datafield tag="344" ind1=" " ind2=" ">
            <subfield code="a">digital</subfield>
            <subfield code="0">http://rdaregistry.info/termList/typeRec/1002</subfield>
            <subfield code="2">rdatr</subfield>
        </datafield>
        <datafield tag="347" ind1=" " ind2=" ">
            <subfield code="a">lydfil</subfield>
            <subfield code="0">http://rdaregistry.info/termList/fileType/1001</subfield>
            <subfield code="2">rdaft</subfield>
        </datafield>
        <datafield tag="347" ind1=" " ind2=" ">
            <subfield code="b">FLAC</subfield>
        </datafield>
        <datafield tag="511" ind1="0" ind2=" ">
            <subfield code="a">Finn Kalvik, Praha Filharmoniske Orkester</subfield>
        </datafield>
        <datafield tag="588" ind1=" " ind2=" ">
            <subfield code="a">Importert fra Phonofile</subfield>
        </datafield>
        <datafield tag="690" ind1=" " ind2=" ">
            <subfield code="a">Pop</subfield>
            <subfield code="2">phonofile</subfield>
            <subfield code="9">local</subfield>
        </datafield>
        <datafield tag="700" ind1="1" ind2=" ">
            <subfield code="a">Tolkien, J.R.R.</subfield>
            <subfield code="4">lyr</subfield>
        </datafield>
        <datafield tag="710" ind1="2" ind2=" ">
            <subfield code="a">Praha filharmoniske orkester</subfield>
            <subfield code="4">https://id.nb.no/vocabulary/perfrel/2</subfield>
        </datafield>
        <datafield tag="773" ind1="0" ind2=" ">
            <subfield code="t">Komplett Klassisk Kalvik</subfield>
            <subfield code="d">[Norge] : daWorks, 2008-07-10</subfield>
            <subfield code="g">1:13</subfield>
            <subfield code="w">(NO-OsNB)EAN_7090002715456</subfield>
        </datafield>
        <datafield tag="856" ind1="4" ind2="0">
            <subfield code="3"/>
            <subfield code="y">NB Digital plikt</subfield>
            <subfield code="u"
                >http://urn.nb.no/URN:NBN:no-nb_pliktmusikk_EAN_7090002715456_01_0013</subfield>
            <subfield code="z"/>
        </datafield>
        <datafield tag="856" ind1="4" ind2="0">
            <subfield code="u"
                >https://urn.nb.no/URN:NBN:no-nb_pliktmusikk_EAN_7090002715456_01_0013</subfield>
            <subfield code="3">Fulltekst</subfield>
            <subfield code="y">Nettbiblioteket</subfield>
            <subfield code="z">Spor</subfield>
        </datafield>
        <datafield tag="913" ind1=" " ind2=" ">
            <subfield code="a">Nordisko</subfield>
            <subfield code="b">NB</subfield>
        </datafield>
        <datafield tag="913" ind1=" " ind2=" ">
            <subfield code="a">Phonofile</subfield>
            <subfield code="b">NB</subfield>
        </datafield>
        <datafield tag="999" ind1=" " ind2=" ">
            <subfield code="a">CP</subfield>
            <subfield code="9">local</subfield>
        </datafield>
    </record>